2342 3850
460 289 515 334 21
525 290 551 332 4
1111 285 1385 334 HORA'PII
1408 285 1635 334 FLACCI

464 414 713 486 Occupat
738 418 796 468 et
818 413 1027 469 salvere
1043 413 1211 484 jubet
1231 414 1400 484 prior.
1471 413 1573 468 Ille
1597 413 1856 484 Philippo

463 494 740 550 Excusare
767 495 1011 549 laborem
1035 499 1095 550 et
1118 495 1456 549 mercenaria
1477 495 1672 560 vincla,

465 576 625 641 Quod
648 593 761 630 non
786 593 951 630 mane
974 575 1207 630 domum
1229 576 1494 642 venisset,
1520 574 1760 644 denique
1785 574 1938 644 quod
1963 591 2080 628 non

464 658 808 711 Providisset
830 674 975 712 eum.
1048 659 1079 687 “
1096 656 1188 715 Sic
1214 656 1490 726 ignovisse
1513 660 1714 727 putato

464 739 555 790 Me
580 737 689 791 tibi
715 738 763 791 si
788 754 987 791 coenas
1008 737 1176 791 hodie
1199 737 1464 791 mecum.'’
1537 740 1571 768 “
1590 736 1674 791 Ut
1695 736 1882 791 libet.'’
1956 739 1990 768 “
2004 735 2155 806 Ergo
2203 738 2263 790 70

466 819 597 870 Post
621 835 827 872 nonam
851 818 1043 872 venies
1067 838 1082 883 3
1128 835 1279 872 nunc
1304 819 1341 886 i,
1367 836 1487 872 rem
1511 821 1776 873 strenuus
1799 818 1985 888 auge.”

466 898 549 951 Ut
573 902 807 952 ventum
830 898 902 952 ad
926 916 1154 953 coenam
1180 902 1283 968 est,
1309 899 1543 954 dicenda
1563 899 1796 954 tacenda
1817 898 2041 953 locutus

465 979 713 1033 Tandem
738 979 1046 1034 dormitum
1069 980 1398 1035 dimittitur.
1469 980 1580 1035 Hic
1604 980 1703 1035 ubi
1728 997 1892 1051 saepe

465 1061 763 1114 Occultum
786 1061 941 1116 visus
965 1061 1257 1117 decurrere
1282 1062 1454 1132 piscis
1477 1061 1548 1115 ad
1574 1061 1806 1116 hamum

466 1143 628 1195 Mane
653 1142 827 1196 cliens
850 1145 909 1196 et
924 1142 1045 1211 jam
1068 1145 1257 1196 certus
1283 1143 1530 1211 conv-iva,
1548 1143 1785 1212 jubetur

463 1224 613 1275 Rura
635 1221 954 1277 suburbana
976 1222 1206 1277 indictis
1230 1241 1417 1277 comes
1441 1223 1523 1277 ire
1547 1223 1780 1277 Latinis,

465 1304 771 1372 Impositus
794 1305 1015 1358 mannis
1037 1321 1234 1358 arvum
1258 1303 1585 1374 caelumque
1608 1303 1879 1359 Sabinum

463 1384 593 1437 Non
618 1387 798 1438 cessat
819 1383 1057 1439 laudare.
1128 1384 1302 1439 Videt
1326 1384 1582 1455 ridetque
1607 1385 1912 1455 Philippus,

462 1466 533 1518 Et
558 1465 667 1520 sibi
694 1465 830 1520 dum
853 1465 1118 1536 requiem,
1142 1465 1281 1519 dum
1303 1465 1452 1520 risus
1476 1465 1725 1536 undique
1748 1465 1983 1535 quaerit,

462 1547 615 1600 Dum
638 1550 858 1617 septem
883 1546 1055 1600 donat
1080 1546 1356 1614 sestertia,
1381 1550 1583 1601 mutua
1606 1550 1825 1617 septem
2205 1548 2266 1598 80

461 1628 765 1696 Promittit,
790 1627 1088 1698 persuadet
1111 1627 1201 1680 uti
1225 1631 1504 1682 mercetur
1527 1627 1782 1697 agellum.

460 1709 752 1763 Mereatur.
824 1707 912 1762 Ne
936 1711 995 1761 te
1018 1707 1197 1777 longis
1220 1708 1544 1777 ambagibus
1567 1708 1717 1762 ultra

463 1791 643 1855 Quam
668 1789 808 1844 satis
832 1791 918 1844 est
942 1805 1141 1856 morer,
1166 1805 1236 1842 ex
1260 1787 1444 1842 nitido
1468 1791 1535 1842 fit
1559 1790 1805 1844 rusticus
1829 1791 2002 1858 atque

461 1874 657 1928 Sulcos
681 1876 740 1929 et
763 1873 955 1929 vineta
978 1875 1169 1943 crepat
1194 1889 1348 1928 mera
1370 1891 1385 1938 ;
1419 1877 1714 1944 praeparat
1738 1872 1936 1940 ulmos,

465 1956 793 2009 Immoritur
814 1954 1023 2009 studiis
1050 1957 1110 2008 et
1133 1970 1322 2007 amore
1347 1956 1590 2009 senescit
1613 1954 1874 2010 habendi.

459 2848 671 2902 Verum
694 2848 794 2902 ubi
819 2864 951 2902 oves
975 2847 1144 2915 furt0,
1168 2847 1368 2901 morbo
1392 2845 1606 2916 periere
1630 2843 1883 2914 capellae,

458 2929 630 2998 Spem
654 2928 894 2981 mentita
917 2945 1089 2998 seges,
1118 2928 1222 2981 bos
1249 2930 1337 2980 est
1361 2929 1592 2980 enectus
1615 2924 1836 2993 arand0,

457 3010 716 3063 Offensus
741 3008 962 3063 damnis
984 3008 1169 3062 media
1195 3008 1264 3061 de
1289 3010 1458 3061 nocte
1483 3005 1758 3061 caballum

455 3090 675 3159 Arripit
699 3089 984 3159 iratusque
1011 3088 1259 3159 Philippi
1282 3087 1470 3142 tendit
1495 3087 1566 3141 ad
1589 3085 1769 3141 aedes.

454 3170 635 3232 Quem
658 3170 826 3223 simul
850 3169 1104 3239 adspexit
1129 3169 1388 3222 scabrum
1413 3168 1812 3237 intonsumque
1834 3166 2157 3238 Philippus,
2205 3173 2270 3223 90

454 3251 486 3276 “
504 3248 740 3315 Durus,''
764 3251 863 3319 ait,
889 3253 925 3281 “
943 3249 1151 3316 Voltei,
1177 3249 1352 3302 nimis
1375 3252 1742 3317 attentusque
1765 3245 1976 3301 videris

453 3324 589 3378 Esse
612 3327 797 3380 mihi.”
870 3330 902 3359 ‘⁴
916 3327 1014 3385 Pol
1036 3346 1127 3381 me
1150 3328 1438 3396 miserum,
1462 3331 1712 3399 patrone,
1736 3344 1979 3396 vocareS,
