2342 3850
351 327 526 377 cinnum
540 329 561 376 1.
571 330 656 387 2⁸57.

197 443 284 497 Laeto
295 443 371 513 quod
382 441 472 513 pubes
484 442 588 498 hedera
597 442 707 498 virente

198 521 325 578 Gaudeat
336 522 412 594 pulle
423 523 512 592 magle
525 526 611 594 etque
622 526 725 594 myrto,

197 603 298 658 Aridus
309 603 421 657 frondes
433 603 535 658 hiemis
546 603 636 658 sodali

265 683 384 740 Dodioet
396 683 500 740 Hebro.

463 991 568 1048 XXVI.

193 1146 287 1200 Mosm
298 1145 404 1200 amicus
416 1146 565 1201 tristitiem
577 1149 607 1200 et
616 1150 710 1201 metue

193 1225 318 1280 Tredem'
324 1227 463 1297 protervis
475 1227 505 1281 in
517 1245 594 1281 mere
607 1225 748 1282 Creticum

228 1306 342 1362 Portare
354 1307 454 1374 ventio,
466 1307 530 1377 quis
542 1307 596 1362 sub
608 1308 697 1364 Arcto

264 1387 323 1441 Rex
335 1387 442 1457 gelidae
454 1392 598 1443 metuatur
610 1406 681 1456 orne,

194 1466 268 1532 Quid
280 1467 424 1522 Tiridaten
436 1471 541 1522 terreat
552 1469 635 1524 unioe

192 1546 321 1602 Securun
357 1547 389 1615 0,
401 1549 610 1618 quaesentibus
620 1548 738 1619 integris

228 1626 346 1695 Gaudes,
358 1629 466 1698 apricos
478 1632 559 1684 noete
571 1629 661 1697 floreo,

262 1707 292 1761 N
293 1699 353 1762 e'ete
365 1725 428 1762 meo
441 1709 552 1763 Lamiae
564 1727 703 1777 roronem,
728 1744 730 1748 ·

192 1787 317 1859 Pimplea
328 1788 434 1844 duleis!
471 1789 521 1844 Nil
532 1790 594 1844 sine
605 1794 635 1844 te
647 1790 704 1844 mei
831 1838 837 1850 .

192 1867 313 1922 Prosunt
324 1869 456 1925 honores:
474 1870 550 1925 hune
558 1870 662 1926 fidibus
673 1870 763 1937 novis,

226 1949 311 2005 Hune
323 1950 424 2005 Lesbio
436 1968 542 2006 saorere
554 1951 663 2022 plectro

262 2030 358 2101 Teque
370 2035 489 2103 tuosque
501 2032 582 2087 deoet
593 2049 709 2088 sorores.

421 2336 544 2393 XXVII.

193 2490 284 2545 Nune
296 2492 326 2545 in
338 2509 422 2547 usum
433 2492 558 2548 loetitiae
567 2494 681 2565 scyphis

192 2571 315 2642 Pugnare
328 2573 467 2627 Threcum
480 2577 536 2629 est:
554 2574 645 2629 tollite
657 2575 807 2630 barbarum

226 2653 340 2722 Morem,
353 2654 596 2725 verecundumque
608 2655 748 2710 Beoohum

262 2734 425 2803 Sanguineis
436 2734 577 2805 prohibite
591 2735 673 2791 rixis!

191 2812 265 2867 Vino
277 2818 306 2867 et
318 2813 437 2869 lucernis
448 2814 548 2869 Medus
560 2816 685 2870 eeineoes

193 2894 318 2949 Immone
330 2899 467 2965 quantum
480 2896 633 2967 discrepet:
651 2897 772 2968 impium

229 2975 327 3030 Lenito
339 2976 493 3044 clamorem,
511 2975 627 3044 sodales,

260 3054 298 3109 Et
310 3056 406 3110 oubito
418 3059 559 3111 remanete
571 3060 682 3126 presso!

192 3133 286 3189 Vultis
298 3138 388 3190 severi
400 3154 445 3190 me
458 3153 569 3206 quoque
581 3153 691 3191 sumere

193 3214 303 3270 Partem
315 3216 426 3272 Falerni
437 3218 447 3271 l
482 3216 565 3271 Dicat
577 3217 717 3287 Opuntiae

227 3294 324 3351 Frater
335 3296 463 3366 Megilloe
475 3314 531 3366 quo
543 3297 645 3351 beatus

263 3376 393 3445 Vulnere,
406 3394 461 3447 que
473 3380 568 3447 pereat
581 3376 692 3444 sagitte
