2342 3850
219 279 265 325 260
538 274 675 323 nondun
688 273 804 322 mccl
878 305 886 316 .

217 406 248 460 si
259 421 325 460 vero
337 406 382 460 est
393 405 512 457 unctum
523 403 573 474 qui
585 406 662 458 recte
673 420 777 474 ponere
789 401 881 473 possit

217 487 255 541 Et
267 485 403 558 spondere
414 485 470 540 levi
482 501 533 556 pro
545 501 668 555 paupere
680 487 710 538 et
722 484 830 554 eripere
841 483 913 538 atris

218 567 329 623 Litibus
340 565 517 636 implicitum,
529 563 655 619 mirabor
666 565 692 618 si
703 565 774 619 sciet
786 565 873 618 inter-

218 648 339 704 Noscere
351 646 513 702 mendacem
525 663 680 716 verumque
691 646 793 700 beatus
804 645 935 700 amicum

218 729 262 782 Tu
274 747 324 784 seu
337 728 448 783 donaris
460 727 593 797 seuquid
605 726 709 780 donare
720 726 798 780 voles
810 726 865 794 cui,

218 809 314 864 Nolito
327 809 362 864 ad
374 825 473 864 versus
484 806 540 861 tibi
551 807 641 862 factos
655 807 756 862 ducere
767 806 883 877 plenum

218 891 371 956 Laetitiae3
387 888 520 944 clamabit
531 888 609 942 enim
621 887 749 942 Pulchre!
766 887 853 942 bene!
872 888 960 943 recte!

218 970 353 1025 Pallescet
364 986 448 1040 super
459 969 512 1035 his,
525 969 612 1022 etiam
624 967 744 1024 stillabit
755 969 853 1022 amicis

218 1051 261 1103 Ex
273 1051 361 1105 oculis
372 1067 471 1118 rorem,
484 1049 573 1117 saliet,
585 1048 689 1104 tundet
698 1049 770 1120 pede
781 1051 895 1104 terram
1022 1045 1028 1050 “
1074 1053 1125 1101 430

219 1132 261 1186 Ut
273 1133 322 1202 qui
335 1131 466 1186 conducti
477 1131 590 1202 plorant
601 1131 632 1184 in
643 1130 742 1186 fimare
754 1128 854 1184 dicunt

218 1212 255 1266 Et
267 1213 374 1268 faciunt
387 1229 475 1283 prope
488 1211 569 1283 plura
580 1210 743 1266 dolentibus
755 1228 791 1265 ex
802 1210 903 1278 animo,
916 1211 958 1266 sic

218 1293 332 1348 Derisor
343 1310 408 1348 vero
420 1293 485 1364 plus
496 1292 641 1347 laudatore
653 1295 793 1346 movetur.

218 1373 307 1445 Reges
319 1373 452 1428 dicuntur
463 1373 563 1428 multis
574 1389 675 1443 urgere
686 1371 799 1427 culullis

219 1456 257 1508 Et
269 1460 399 1530 torquere
411 1471 488 1508 mero
500 1470 585 1525 quem
598 1455 774 1524 perspexisse
785 1453 925 1522 laborent,

219 1535 266 1588 An
279 1535 318 1590 sit
330 1535 454 1589 amicitia
466 1535 579 1604 dignus:
599 1534 625 1588 si
637 1535 762 1588 carmina
773 1534 876 1589 condes
923 1593 927 1601 ,

220 1615 372 1687 Nunquam
385 1617 414 1670 te
427 1615 525 1670 fallant
537 1614 625 1670 animi
636 1614 690 1669 sub
701 1615 786 1686 vulpe
797 1615 925 1670 latentes

219 1697 357 1763 Quintilio
370 1696 394 1750 si
407 1695 476 1766 quid
487 1695 628 1764 recitares,
641 1698 657 1726 “
666 1695 780 1767 corrige
791 1695 873 1751 sodes

220 1777 307 1845 Hoc‚'’
319 1776 419 1844 aiebat,
432 1778 448 1808 “
455 1779 485 1830 et
496 1775 550 1830 hoc
560 1777 588 1830 :’'
600 1776 702 1831 melius
713 1780 743 1830 te
755 1793 838 1847 posse
850 1793 966 1847 negares

220 1858 268 1912 Bis
278 1861 378 1929 terque
390 1860 539 1929 expertum
552 1856 665 1925 faretra,
678 1856 769 1912 delere
774 1857 896 1928 -J'ubebat
1074 1864 1125 1912 440

219 1938 258 1992 Et
270 1938 342 1993 male
354 1942 483 1993 tornatos
495 1938 592 1993 incudi
603 1936 719 1993 reddere
730 1955 836 1994 versus.

219 2020 249 2073 Si
262 2019 408 2075 defendere
420 2019 554 2076 delictum
566 2037 652 2090 quam
662 2023 771 2074 vertere
782 2019 888 2088 malles,

219 2100 337 2155 Nullum
347 2102 423 2155 ultra
434 2100 552 2155 verbum
564 2104 615 2155 aut
626 2117 740 2171 operam
751 2100 912 2156 insumebat
923 2100 1038 2157 inanem

220 2182 295 2247 Quin
308 2182 368 2236 sine
380 2182 460 2236 rivali
471 2185 557 2252 teque
569 2184 600 2235 et
611 2184 662 2236 tua
672 2180 750 2235 solus
760 2196 876 2238 amares·

218 2262 272 2316 Vir
283 2263 373 2317 bonus
385 2266 416 2317 et
427 2263 552 2334 prudens
564 2279 664 2318 versus
675 2262 862 2333 reprehendet
873 2262 987 2330 inertes,

219 2342 353 2413 Oulpabit
365 2343 457 2410 duros,
466 2344 620 2414 incomptis
631 2342 737 2398 adlinet
747 2347 842 2398 atrum

219 2424 355 2481 Traverso
367 2424 472 2479 calamo
484 2425 603 2494 signum,
615 2424 766 2479 ambitiosa
777 2423 885 2480 recidet

219 2506 397 2573 ornamenta,
410 2521 511 2576 parum
523 2505 605 2559 elaris
617 2505 709 2560 lucem
720 2504 786 2559 dare
798 2508 887 2574 coget,

219 2587 327 2656 Arguet
339 2585 468 2655 ambigue
480 2586 597 2653 dictum,
608 2585 746 2640 mutanda
756 2584 876 2653 notabit,
1155 2639 1156 2648 ,

219 2667 284 2721 Fiet
295 2665 491 2732 Aristarchus;
509 2682 566 2721 non
578 2665 666 2721 dicet:
685 2668 702 2698 “
712 2666 769 2721 (tur
781 2683 831 2735 ego
843 2666 967 2721 amioum
1074 2672 1126 2720 450

219 2748 365 2803 offendam
376 2748 406 2801 in
418 2746 500 2817 nugis
510 2746 538 2803 l'’
575 2746 637 2801 Hae
649 2765 738 2818 nugae
749 2748 822 2806 seria
833 2748 937 2803 ducent

220 2830 255 2883 In
267 2828 339 2883 mela
350 2826 473 2883 derisum
484 2828 572 2883 semel
583 2831 789 2900 exceptumque
800 2830 922 2884 sinistra.

220 2908 262 2962 Ut
274 2909 346 2964 mala
358 2926 443 2979 quem
455 2908 562 2965 subies
573 2912 624 2963 aut
635 2908 751 2965 morbus
762 2909 856 2979 regius
866 2912 950 2979 urget
982 2900 993 2918 ‘

220 2990 279 3044 Aut
291 2990 429 3045 fanaticus
440 3004 517 3045 error
528 2993 559 3043 et
570 2989 704 3045 iracunda
715 2990 815 3059 Diana,

220 3070 363 3126 Vesanum
374 3070 502 3140 tetigisse
513 3070 619 3124 timent
630 3070 798 3141 fugiuntque
809 3074 923 3142 poetam

219 3149 274 3215 Qui
286 3148 400 3220 sapiunt
406 3171 415 3217 ;
432 3150 540 3219 agitant
551 3151 631 3221 pueri
643 3151 805 3221 incautique
817 3155 982 3221 sequuntur.

218 3226 281 3294 Hic,
295 3228 363 3283 dum
375 3229 505 3285 sublimis
517 3247 616 3285 versus
627 3234 757 3287 ructatur
767 3234 798 3285 et
809 3234 893 3301 errat,

218 3308 249 3359 Si
261 3306 349 3362 veluti
361 3310 476 3369 merulis
487 3311 615 3371 intentus
628 3311 734 3367 decidit
745 3329 848 3384 auceps
