2342 3850
356 347 541 397 ssimum
555 349 589 398 IL
604 348 627 398 3.
899 350 941 398 181

35 473 164 544 ‘Nempe
176 475 238 543 tue,
250 474 368 529 furiose!
406 474 490 543 ‘Meo,
502 475 551 530 sed
562 493 620 530 non
632 475 768 530 furiosus'

34 553 86 619 Qui
98 552 216 624 species
227 553 295 608 alies
306 555 380 608 veris
392 555 558 626 scelerisque
569 556 698 610 tumultu
766 596 768 602 .

34 633 196 688 Permixtas
207 634 300 704 cupiet
311 639 469 690 eommotus
481 637 639 704 habebitur,
651 640 736 707 etque

35 715 204 769 Stultitiune
216 717 424 771 erretniluilum
435 717 603 772 distabiten
615 718 663 772 ire
891 721 944 772 210

36 795 107 865 Ajex
119 796 283 850 immeritos
293 814 359 850 eum
369 798 473 852 oecidit
484 797 587 869 desipit
599 815 697 868 egnes:

36 877 107 931 Cum
120 876 251 948 prudens
261 877 351 932 seelue
363 879 400 933 ob
410 879 512 933 titulos
523 879 652 934 admittis
665 879 769 946 inanes,

36 956 98 1011 Stes
107 958 208 1012 anime
218 961 249 1012 et
260 976 363 1029 purum
375 963 420 1013 est
430 960 503 1013 vitio
513 959 577 1028 tibi,
588 977 652 1014 eum
664 958 806 1014 tumidum
817 959 869 1025 est,
880 956 944 1012 eorl

36 1037 66 1091 Si
78 1038 147 1108 quis
155 1038 257 1093 leetiee
268 1039 390 1094 nitidem
401 1043 511 1109 gestare
523 1043 600 1094 emet
612 1057 719 1111 egnum,

46 2844 120 2899 Huic
131 2848 248 2911 vestem,
260 2847 295 2897 ut
305 2847 395 2911 netee,
407 2846 487 2914 peret
499 2842 621 2910 eneilles,
634 2845 713 2911 peret
725 2858 832 2910 einum,

46 2925 147 2980 Ruiem
158 2930 209 2979 eut
219 2924 353 2979 Pusillam
365 2924 487 2995 appellet
498 2922 622 2992 fortique
634 2923 737 2977 merito

46 3004 178 3061 Destinet
188 3022 316 3071 uxorem
336 3004 486 3060 interdicto
497 3004 564 3057 huie
576 3020 659 3058 omne
671 3004 776 3058 edimet
784 3004 833 3073 jus

46 3084 160 3141 Praeter
170 3090 201 3141 et
212 3085 249 3141 ed
260 3103 342 3141 senes
353 3086 435 3141 ebeet
447 3084 538 3139 tutele
548 3085 730 3155 propinquos.

47 3166 137 3232 Quidl
154 3166 181 3221 ei
191 3166 257 3236 quis
267 3169 364 3221 netem
374 3183 426 3236 pre
437 3167 518 3218 mute
529 3163 650 3219 devovet
662 3181 733 3233 agna

48 3246 160 3318 integer
170 3250 217 3302 est
227 3248 330 3302 enimil
366 3246 411 3301 Ne
422 3245 532 3299 dixeris
567 3244 642 3314 Ergo
654 3243 704 3297 ubi
716 3258 805 3314 preve
897 3244 950 3298 220

47 3326 176 3383 Stultitia
186 3326 235 3382 hie
247 3344 357 3383 summe
368 3330 413 3383 est
424 3325 548 3393 insenie3
565 3325 615 3396 qui
626 3324 787 3391 sceleratus,
