2342 3850
6 350 11 439 l

363 301 587 352 mmmmm
602 301 635 350 H.
651 303 673 349 1.
925 301 969 348 ‘235

62 433 153 488 Paene
164 432 285 487 recensi
318 430 398 485 Adeo
409 433 538 484 sanctum
550 433 595 484 est
605 431 688 484 vetus
701 445 782 482 omne
794 434 900 499 poema.

62 514 227 584 Ambigitur
237 512 369 583 quotiens
380 515 445 565 uter
456 515 522 565 utro
533 512 573 565 sit
583 513 668 582 prior,
681 511 774 564 aufert

61 595 200 648 Pacuvius
212 593 404 648 doctiefemem
416 593 499 660 senis,
512 593 615 647 Accius
627 592 687 661 alti,

61 675 177 729 Dicitur
188 674 289 729 Afrani
300 677 366 743 toga
377 674 540 728 convenisse
552 673 713 741 Menandro,

60 756 181 811 Plautus
192 755 228 810 ud
240 756 382 826 exemplar
393 755 480 808 Siculi
492 771 640 825 properare
651 753 821 824 Epicharmi,

61 837 182 891 Vincere
194 836 331 891 Caecilius
342 836 489 906 gravitate,
502 835 651 889 Terentius
662 838 731 889 arte.

61 917 122 971 Hos
134 917 236 971 ediscit
248 919 277 972 et
288 916 340 971 hos
352 919 429 971 arcto
441 917 546 986 stipate
557 916 669 970 theatro
933 917 968 966 60

61 998 177 1068 Spectnt
187 997 277 1052 Rome
287 1001 388 1068 potens
399 1018 406 1064 ;
423 997 509 1052 habet
520 998 572 1052 hos
583 999 768 1066 numeratque
779 999 877 1066 politus

7 1068 8 1105 i
61 1078 107 1132 Ad
118 1080 251 1132 nostrum
262 1081 377 1148 tempus
389 1078 452 1131 Livi
464 1077 611 1148 scriptoris
622 1076 657 1131 ab
669 1094 745 1131 aevo.

61 1158 208 1212 interdum
220 1159 319 1228 vulgus
330 1161 441 1214 rectum
452 1159 538 1226 videt,
551 1161 596 1212 est
608 1158 657 1212 ubi
668 1159 772 1228 peccet.

60 1241 90 1294 Si
101 1244 212 1295 veteres
223 1241 265 1296 ita
275 1241 396 1295 miratur
406 1240 558 1310 laudatque
569 1243 666 1311 politas

60 1321 103 1376 Ut
114 1321 187 1376 nihil
198 1321 336 1375 anteferet
347 1321 418 1374 nihil
429 1321 486 1375 illis
498 1322 651 1389 comparet,
664 1323 753 1373 errat:

59 1404 89 1457 Si
100 1403 237 1474 quaedam
249 1403 335 1458 nimis
347 1402 472 1472 antique,
484 1401 510 1456 ai
523 1402 654 1473 pleraque
667 1401 737 1455 dure

59 1482 159 1536 Dicere
170 1480 260 1536 credit
271 1498 327 1550 eos,
339 1481 437 1550 ignave
449 1480 539 1534 multe
550 1480 665 1548 fatetur,

57 1560 95 1616 Et
107 1563 183 1633 sapit
194 1565 224 1616 et
235 1578 346 1616 mecum
356 1562 426 1616 fecit
437 1564 467 1616 et
478 1561 548 1616 Jove
556 1561 665 1631 judicet
676 1577 772 1630 aequo.

58 1642 124 1696 Non
136 1641 266 1712 equidem
277 1641 401 1695 insector
412 1641 583 1712 delendaque
595 1641 717 1696 carmine
729 1641 791 1695 Livi

57 1723 210 1791 Fssereor,
222 1722 339 1776 memini
350 1739 422 1792 quae
433 1722 578 1792 plagosum
590 1723 662 1776 mihi
673 1739 760 1792 parvo
931 1725 966 1775 70

58 1804 200 1859 Orbilium
211 1802 336 1870 dictare;
353 1803 404 1857 sed
416 1802 563 1856 emendata
573 1802 663 1856 videri

57 1885 233 1955 Pulchruque
244 1887 275 1939 et
286 1884 391 1939 erectis
402 1884 553 1937 minimum
564 1882 698 1938 distantis
709 1881 797 1937 miror
807 1901 815 1948 ;

59 1967 140 2021 Inter
150 1982 223 2036 quae
234 1965 353 2020 verbum
364 1966 480 2020 emicuit
491 1965 516 2019 si
527 1965 600 2018 forte
612 1963 751 2032 decorum,
763 1968 793 2018 et

58 2047 88 2101 Si
99 2063 201 2101 versus
211 2046 296 2117 paulo
307 2046 468 2100 concinnior
479 2062 553 2099 unus
564 2048 595 2099 et
606 2045 684 2114 alter,

58 2127 170 2198 Injuste
180 2130 275 2180 totum
287 2126 367 2180 ducit
377 2126 530 2196 venditque
541 2130 648 2196 poema.

58 2207 194 2277 Indignor
205 2206 359 2278 quidquam
370 2205 545 2278 reprehendi,
557 2224 615 2260 non
627 2206 693 2276 quia
704 2222 795 2261 crasse

58 2288 256 2359 Compositum
267 2286 413 2358 illepideve
424 2290 548 2357 putetur,
560 2286 611 2341 sed
622 2288 687 2357 quie
698 2304 789 2358 nuper
798 2306 805 2353 3

57 2368 118 2422 Nec
128 2368 241 2422 veniam
252 2368 377 2437 antiquis
388 2368 439 2421 sed
449 2368 584 2422 honorem
596 2370 626 2422 et
636 2368 760 2437 praemia
770 2369 857 2440 posci.

57 2448 147 2503 Recte
158 2465 247 2503 necne
259 2465 371 2503 crocum
382 2448 520 2517 floresque
531 2448 707 2519 perambulat
718 2450 804 2503 Attae

56 2529 165 2584 Fabula
176 2530 202 2583 si
214 2528 349 2597 dubitem,
362 2529 484 2583 clament
496 2529 612 2599 periisse
623 2529 759 2599 pudorem
929 2532 963 2581 80

56 2611 162 2665 (iuncti
173 2628 262 2682 poene
273 2614 376 2681 patras,
389 2627 421 2664 ea
433 2627 497 2664 cum
509 2608 712 2680 reprehendere
724 2626 806 2663 coner

56 2691 136 2758 Qime
146 2692 240 2759 gravis
251 2690 388 2759 Aesopus,
400 2707 471 2759 quae
483 2688 582 2745 doctus
594 2690 712 2745 Roscius
724 2691 796 2759 egit:

57 2772 113 2826 Vel
123 2772 192 2842 quia
202 2771 245 2825 nil
256 2774 366 2825 rectum
376 2771 433 2824 nisi
444 2771 519 2840 quod
530 2771 637 2841 placuit
648 2770 704 2824 sibi
715 2769 831 2838 ducunt,

57 2852 112 2906 Vel
123 2852 192 2923 quia
203 2854 288 2922 turpe
299 2854 403 2921 putant
413 2868 509 2921 parere
520 2852 687 2920 minoribus,
699 2854 728 2905 et
740 2867 812 2921 quse

56 2932 205 2987 imberbes
217 2931 339 2987 didicere
351 2949 433 2986 senes
444 2932 585 3001 perdenda
596 2932 686 2986 fateri.

55 3013 74 3067 J
75 3030 123 3067 am
134 3012 240 3067 Saliam
251 3011 362 3066 Numae
374 3029 485 3067 carmen
497 3013 547 3082 qui
558 3012 661 3081 laudet,
674 3015 703 3067 et
715 3011 784 3067 illud

55 3092 140 3160 Quod
152 3108 264 3147 mecum
276 3093 387 3163 ignorat
398 3093 474 3147 solus
485 3094 549 3147 vult
560 3094 631 3148 seire
643 3093 739 3161 videri,

54 3172 183 3244 ingeniis
194 3190 251 3228 non
262 3174 309 3228 ille
320 3174 396 3228 favet
408 3173 573 3244 plauditque
586 3174 714 3245 sepultis,

55 3254 164 3307 Nostra
174 3253 226 3307 sed
236 3254 393 3325 impugnat,
405 3271 457 3308 nos
467 3259 620 3323 nostraque
631 3253 734 3307 lividus
745 3252 813 3307 odit

54 3334 138 3402 Quod
151 3334 375 3391 sitamGreecis
386 3335 498 3391 novitas
509 3336 601 3391 invisa
612 3334 714 3389 fuisset
930 3337 965 3387 90
