2342 3850
217 265 247 319 lo
518 267 653 318 nouem
667 266 779 316 mom

201 405 264 474 Quo
276 405 392 477 cupiens
403 407 501 476 pacto;
519 421 607 476 pavor
618 406 663 458 est
675 401 825 473 utrobique
837 403 974 457 molestus
1075 406 1116 455 10

202 487 360 558 Improvisa
371 486 456 540 simul
468 486 575 556 species
588 488 710 540 exterret
721 487 883 554 utrumque.

202 566 329 623 Gaudeat
341 585 377 621 an
388 567 489 636 doleat,
502 567 598 637 cupiat
609 568 763 634 metuatne,
774 564 845 634 quid
856 564 892 619 ad
902 581 971 633 rem,

203 648 234 702 si
246 648 382 718 quidquid
391 647 464 702 vidit
475 648 575 701 melius
587 647 702 718 pejusve
713 662 764 700 sua
775 662 825 716 spe

203 729 310 783 Defixia
322 727 409 782 oculis
420 727 569 797 animoque
582 730 612 781 et
623 743 736 798 corpore
747 728 843 796 torpet
853 726 864 778 l

205 809 301 864 Insani
312 808 424 878 sapiens
435 824 537 862 nomen
548 808 628 876 teret,
640 824 746 877 aequus
757 807 856 877 iniqui,

204 890 289 945 Ultra
300 906 384 959 quam
396 887 466 942 satis
478 891 523 942 est
534 888 671 942 virtutem
683 887 707 941 si
719 890 799 958 petat
811 889 908 959 ipsam.

205 971 220 1026 1
231 987 315 1039 nnnc,
327 972 474 1039 argentum
485 971 515 1023 et
525 985 649 1023 marmor
660 971 742 1023 vetus
753 986 870 1039 aeraque
882 972 912 1023 et
922 972 999 1024 artes

204 1051 328 1121 Suspice,
341 1066 406 1104 cum
417 1048 535 1119 gemmis
546 1049 645 1120 Tyrios
657 1049 757 1104 mirere
769 1051 892 1116 colores;

204 1119 302 1185 Gaud'e
314 1129 389 1200 quod
400 1132 530 1200 spectant
541 1130 615 1184 oculi
625 1133 656 1184 te
665 1130 742 1184 mille
752 1129 913 1200 loquentem
924 1149 932 1196 ;

203 1210 301 1266 Narus
312 1227 394 1264 mune
404 1209 497 1264 forum
508 1212 538 1263 et
549 1209 726 1280 vespertinus
738 1213 803 1280 pete
814 1213 931 1280 tectum,
1080 1217 1120 1267 20

204 1293 248 1346 Ne
260 1292 325 1362 plus
335 1291 471 1346 frumenti
484 1289 625 1345 dotalibus
637 1293 743 1345 emetat
754 1292 828 1361 agris

204 1372 303 1427 Mutus
315 1376 353 1440 et,
365 1370 513 1441 indignum
525 1369 601 1441 quod
615 1371 661 1439 sit,
674 1371 816 1440 pejoribus
828 1374 908 1426 ortus

109 1457 115 1468 ⁶
205 1453 261 1509 Hic
271 1454 327 1508 tibi
339 1453 377 1506 sit
388 1453 485 1522 potius
496 1468 581 1522 quam
593 1455 628 1506 tu
639 1451 775 1506 mirabilis
786 1453 835 1506 illi.

204 1533 348 1603 Quidquid
359 1533 502 1587 subterra
512 1535 557 1587 est
568 1532 599 1585 in
611 1533 737 1603 apricum
749 1532 873 1604 proferet
884 1536 961 1588 aetas
971 1553 979 1599 ;

204 1613 333 1669 Defodiet
345 1613 501 1684 condetque
512 1613 639 1668 nitentia.
676 1612 748 1668 Oum
760 1613 830 1668 bene
842 1618 941 1668 notum

203 1695 330 1749 Porticus
342 1695 480 1764 Agrippae
492 1696 521 1747 et
532 1693 578 1747 via
589 1697 619 1747 te
631 1695 806 1764 conspexerit
816 1693 902 1766 Appi,

204 1774 250 1830 Ire
261 1779 357 1830 tamen
368 1777 458 1829 restat
468 1773 563 1829 Numa
575 1791 630 1844 quc
642 1773 755 1829 devenit
767 1778 796 1828 et
807 1775 911 1830 Ancus.

203 1857 234 1910 Si
245 1857 320 1910 latus
332 1858 381 1909 aut
392 1872 473 1909 renes
484 1854 583 1909 morbo
595 1857 742 1910 tentantur
753 1859 835 1911 acuto
1163 1821 1164 1901 i

205 1937 312 2005 Quaere
324 1938 418 2007 fugam
429 1937 528 1992 morbi.
562 1936 615 1993 Vis
626 1940 700 1991 recte
712 1938 821 1992 vivere:
840 1938 904 2009 quis
915 1955 972 1992 non
982 1938 993 1991 l

203 2019 233 2071 Si
245 2019 338 2074 virtus
349 2018 576 2089 hocunapotest
588 2018 661 2086 dare,
673 2018 756 2073 fortis
767 2018 879 2073 omissis
1047 2040 1060 2058 ⁸
1083 2028 1121 2077 30

205 2099 267 2153 Hoc
278 2115 328 2169 age
340 2099 455 2153 deliciis.
490 2099 635 2154 Virtutem
646 2099 731 2154 verba
743 2102 827 2169 putas
839 2102 869 2153 et
1162 2116 1163 2125 ¹

205 2180 313 2234 Lucum
322 2180 414 2249 ligna:
432 2197 499 2235 care
510 2198 546 2234 ne
557 2183 656 2251 portus
668 2183 786 2252 occupet
798 2180 876 2249 alter,

204 2261 248 2314 Ne
261 2261 427 2330 Cibyratica,
438 2278 474 2315 ne
486 2260 609 2331 Bithyna
620 2262 731 2331 negotia
741 2262 841 2331 perdes
852 2280 860 2327 ;
905 2286 908 2293 ⁴

204 2341 280 2394 Mille
292 2341 399 2395 talenta
410 2341 606 2411 retundentur,
618 2341 738 2396 totidem
749 2342 842 2409 altera,
854 2358 935 2412 porro
947 2344 977 2395 et

203 2421 297 2475 Tertia
308 2421 458 2476 succedant
470 2426 500 2476 et
512 2440 582 2493 quae
594 2440 659 2493 pers
671 2421 788 2492 quadrat
800 2439 935 2477 acervum.

204 2503 318 2557 Scilicet
329 2520 445 2557 uxorem
457 2522 522 2558 cum
534 2503 601 2558 dote
613 2504 753 2573 fidemque
765 2506 795 2557 et
803 2503 907 2557 amicos

205 2584 242 2638 Et
253 2601 340 2653 genus
353 2587 382 2637 et
393 2584 512 2638 formam
523 2584 617 2654 regina
629 2584 749 2639 Pecunia
761 2584 854 2652 donat,

205 2666 248 2719 Ac
259 2664 330 2719 bene
338 2669 518 2719 nummatum
530 2666 642 2720 decorat
654 2665 772 2720 Suadela
783 2664 942 2734 Venusque.

204 2746 351 2816 Mancipiis
362 2746 485 2816 locuples
497 2750 560 2816 eget
571 2747 644 2801 acris
657 2745 853 2817 Cappadocum
865 2762 926 2798 rex:

204 2826 233 2880 N
233 2845 248 2881 e
259 2826 346 2881 fucris
357 2827 403 2881 hic
415 2830 455 2881 tu.
491 2827 659 2898 chlamydes
671 2826 813 2895 Lucullus,
824 2829 858 2879 ut
869 2826 957 2893 aiunt,
1085 2836 1123 2885 40
1159 2854 1160 2869 2

186 2948 191 2957 ,
203 2909 234 2963 si
247 2912 343 2979 posset
355 2911 468 2962 centnm
481 2925 579 2962 scenae
590 2906 722 2978 praebere
733 2910 855 2977 rogatus,
1159 2898 1160 2914 ¹

203 2989 286 3056 “Qui
310 3006 425 3059 possum
447 2988 531 3042 tow
548 2990 606 3056 ait;
631 2991 752 3043 “temen
776 2990 805 3042 ct
828 3003 960 3058 quaeram
985 2990 1016 3040 ct
1044 2998 1124 3059 quot

205 3069 439 3220 Mittahrlllllmpost
450 3150 645 3220 pauloscribit
657 3149 712 3205 sibi
722 3150 810 3205 millia
822 3148 946 3219 quinque
1158 3118 1159 3166 l

204 3228 272 3281 Esse
284 3229 360 3283 domi
371 3230 566 3301 chlamydum}
585 3233 695 3301 partem
706 3230 752 3285 vel
762 3230 875 3285 tolleret
886 3247 990 3283 omnes.

203 3306 294 3359 Exilis
305 3308 405 3362 domus
417 3314 461 3363 est
472 3310 522 3364 ubi
534 3326 591 3363 non
603 3313 633 3364 et
644 3311 735 3366 multa
746 3312 899 3383 supersunt
