2342 3850
384 313 444 363 ΔΒΕ
459 313 598 368 ΡΟΕῙῚΟΔ.
897 325 942 373 2⁶6

4 373 6 416 l

4 425 6 488 l
37 437 65 492 N
64 456 105 508 ec,
116 438 144 494 si
155 438 224 510 quid
234 438 310 494 fricti
322 441 418 496 ciceris
430 443 531 514 probat
542 447 572 500 et
583 447 665 502 nucIs
675 452 794 520 emptor,

4 495 6 572 i
37 521 146 591 Aequis
157 521 562 592 accipiuntanimisdcnentve
574 543 681 583 corona
889 536 943 589 250

35 601 148 672 Syllaba
158 602 240 671 longe
250 600 328 656 brevi
341 602 467 673 subjecta
478 610 594 661 vocetur
604 608 724 678 iambus,
742 637 754 664 ο

35 683 88 737 Pes
100 684 191 748 citus;
208 684 283 738 unde
295 685 381 738 etiam
393 684 531 740 trimetris
543 705 696 745 accrescere
705 691 794 762 jussit

34 763 147 817 Nomen
158 763 284 832 iambeis‚
296 781 360 818 cum
371 782 454 819 senos
465 765 593 822 redderet
603 770 678 825 ictus

33 843 148 898 Primus
159 844 196 898 ad
208 846 365 900 extremum
377 845 478 900 similis
490 847 552 902 sibi.
588 849 653 904 Non
664 852 706 906 ita
715 853 834 926 pridem,

33 923 151 978 'Perdior
161 927 196 978 ut
208 925 291 995 paulo
302 927 466 996 graviorque
477 929 587 984 veniret
598 931 634 985 sd
644 949 735 1002 aures,

33 1005 179 1075 Spondeos
191 1005 306 1060 stabiles
317 1006 347 1060 in
356 1005 421 1076 jura
431 1011 549 1078 patema
559 1013 665 1083 recepit

34 1086 207 1140 Commodus
219 1089 249 1140 et
259 1087 378 1157 patiens,
391 1105 448 1142 non
459 1092 493 1142 ut
505 1090 539 1145 de
551 1092 616 1147 sede
627 1094 749 1150 secunda

33 1167 154 1221 Cederet
165 1169 216 1220 aut
228 1171 327 1236 quarta
337 1168 484 1224 socialiter.
519 1170 575 1226 Hic
587 1174 659 1228 etin
670 1175 740 1232 Acci

31 1248 185 1302 Nobilibus
196 1248 333 1302 trimetris
344 1253 459 1320 apparet
471 1268 557 1320 rarus,
570 1257 601 1307 et
611 1253 684 1310 Enni

31 1328 738 1402 Inscenammissoscummagnopondereversus
883 1347 937 1399 260

31 1412 94 1463 Aut
105 1427 205 1480 operae
217 1409 313 1463 celeris
323 1410 443 1465 nimium
456 1429 576 1482 curaque
588 1418 710 1472 carentis

31 1492 93 1544 Aut
104 1492 246 1561 ignoratae
258 1490 363 1560 premit
374 1493 444 1546 artis
456 1493 571 1548 crimine
582 1497 668 1567 turpi.

30 1571 58 1624 N
58 1590 97 1625 on
109 1572 204 1641 quivis
216 1570 294 1625 videt
305 1571 486 1626 immodulata
498 1578 628 1644 potmata
635 1577 730 1647 judex,

30 1651 68 1706 Et
81 1653 148 1706 data
159 1651 292 1705 Romanis
304 1652 385 1706 venia
396 1655 441 1706 est
452 1653 565 1723 indigna
575 1657 674 1725 poetis.

30 1733 178 1787 Idcircone
187 1747 268 1802 vager
279 1730 454 1803 scribamque
466 1733 599 1790 licenter?
616 1755 652 1792 an
665 1755 763 1796 omnes

29 1816 151 1870 Visuros
163 1816 276 1884 peccata
287 1816 384 1883 putem
396 1831 466 1883 mea,
477 1818 559 1870 tutus
571 1820 601 1871 et
611 1818 686 1874 intra

31 1897 117 1968 Spem
129 1895 227 1951 veniae
239 1893 354 1949 cautus?
390 1894 486 1950 Vitavi
497 1895 618 1967 denique
630 1899 748 1973 culpem,

29 1978 95 2032 Non
106 1977 218 2032 laudem
231 1976 329 2030 merui.
363 1975 422 2031 Vos
435 1978 603 2047 exemplaria
614 1980 717 2036 Graeca

30 2059 178 2113 Nocturna
188 2060 296 2111 versate
308 2073 401 2125 manu,
413 2061 522 2111 versate
534 2057 640 2115 dimna

29 2142 70 2193 At
82 2140 172 2193 vestri
183 2138 279 2209 proavi
290 2136 432 2191 Plautinos
444 2142 473 2191 et
484 2146 656 2197 numeroset
882 2156 935 2209 270

30 2220 191 2275 laudavere
203 2219 288 2273 seles:
306 2218 426 2271 nimium
438 2220 579 2289 patienter
590 2225 742 2295 utrumque

29 2301 74 2355 Ne
87 2301 180 2355 dicam
191 2299 278 2353 stulte
290 2298 392 2367 mirati,
404 2299 428 2352 si
440 2299 524 2353 modo
536 2317 585 2371 ego
597 2306 627 2357 et
638 2322 688 2360 voa

28 2383 141 2436 Scimus
151 2379 320 2447 inurbanum
331 2378 423 2449 lepido
435 2397 569 2450 seponere
580 2382 656 2438 dicto

29 2464 258 2534 legitimumque
270 2477 370 2514 sonum
382 2460 479 2529 digitis
492 2462 624 2517 callemus
636 2470 666 2519 et
677 2484 751 2523 aure.

29 2544 166 2615 Ignotum
177 2542 296 2611 tragicae
308 2557 394 2610 genus
405 2542 546 2597 invenisse
558 2543 695 2602 Camenae

28 2625 143 2679 Dicitur
154 2626 184 2677 et
195 2622 328 2692 plaustris
339 2622 447 2675 vexisse
459 2628 589 2693 poemata
599 2626 725 2699 Thespis,

29 2708 108 2774 Quae
121 2706 254 2759 canerent
266 2706 433 2773 agerentque
444 2707 572 2773 penmcti
584 2706 709 2765 faecibus
721 2730 775 2768 ora

28 2789 97 2842 Post
109 2788 187 2841 hunc
197 2800 331 2854 personae
343 2784 487 2853 pallaeque
499 2790 624 2855 repertor
635 2790 767 2849 honestae

28 2865 188 2937 Aeschylus
201 2868 230 2918 et
241 2863 357 2917 modicis
369 2864 500 2918 instravit
511 2868 622 2938 pulpita
632 2871 719 2941 tignis

27 2950 65 3003 Et
78 2946 178 3001 docuit
189 2960 375 3015 magnumque
387 2944 464 3014 loqui
476 2947 584 3017 nitique
598 2951 742 3009 cothurno.
883 2964 934 3014 280

27 3026 172 3084 Successit
183 3028 266 3079 vetus
277 3025 322 3079 his
334 3024 482 3095 comoedia,
495 3044 551 3082 non
562 3030 623 3083 sine
634 3034 724 3089 multa

27 3109 124 3165 Laude
134 3128 142 3175 ;
159 3106 209 3161 sed
221 3106 251 3159 in
262 3105 364 3160 vitium
375 3105 490 3161 libertas
502 3109 606 3165 excidit
617 3115 647 3166 et
658 3115 717 3169 vim

26 3192 151 3261 Dignam
162 3189 222 3258 lege
234 3188 308 3258 regi;
325 3188 370 3241 lex
382 3191 427 3243 est
438 3193 551 3261 accepta
563 3192 718 3265 chorusque

26 3270 164 3342 Turpiter
176 3269 296 3323 obticuit
307 3268 418 3323 sublato
427 3269 491 3339 jure
503 3272 628 3327 nocendi.

6 3384 7 3395 κ
27 3354 77 3409 Nil
88 3353 265 3410 intentatum
277 3351 369 3406 nostri
380 3350 485 3420 liquere
497 3355 604 3421 politae,
