2342 3850
347 311 567 361 miscemus
581 313 615 362 ΙΙ.
631 315 653 361 1.

43 438 112 491 Mox
125 438 213 493 etiem
224 441 322 509 pectus
333 438 491 509 praeceptis
502 438 606 494 formet
617 439 722 510 amicis,

45 519 222 589 Asperitetis
233 522 263 573 et
273 518 394 574 invidiae
407 523 544 574 corrector
556 524 585 574 et
597 521 670 585 iree3

45 599 328 668 Rectefocterefert,
341 600 600 671 crientietempore
610 602 687 656 notis
901 608 952 658 leo

47 680 173 736 Instruit
184 681 328 750 exemplis,
340 681 452 752 inopem
464 682 570 737 soletur
580 687 611 736 et
621 699 741 753 regrum.

48 762 143 815 Castis
156 777 221 815 cum
232 761 326 830 pueris
337 761 432 831 ignare
442 762 534 831 puelle
545 763 642 817 meriti

48 843 179 896 Disceret
190 841 264 896 unde
276 858 372 911 preces
383 845 477 896 vetem
489 843 519 896 ni
531 843 614 897 Musa
625 842 766 897 dedissett

50 923 144 977 Poscit
157 940 240 994 opem
251 923 352 977 chorus
364 925 393 976 et
405 923 563 994 preerentie
573 923 691 978 numine
702 923 799 992 sentit,

52 1004 194 1057 Caelestes
205 1003 338 1073 imploret
348 1021 435 1073 eques
447 1003 529 1058 docte
540 1021 623 1074 prece
636 1003 761 1070 blundus,

53 1085 166 1139 Avertit
177 1083 297 1152 morbos,
309 1084 459 1139 metuende
470 1084 594 1155 periculo
603 1085 694 1154 pellit,

54 1167 192 1236 lmpetret
203 1168 233 1220 et
243 1182 341 1236 pecem
353 1169 382 1220 et
393 1165 560 1236 locupletem
572 1165 699 1234 frugibus
710 1181 824 1219 annum.

55 1248 182 1301 Carmine
193 1245 223 1300 di
234 1247 330 1317 superi
342 1246 495 1317 placentur,
508 1245 630 1300 carmine
641 1245 745 1299 Manes.

53 1327 195 1395 Agricolae
207 1327 300 1398 prisci,
313 1327 401 1380 fortes
412 1343 551 1398 porroque
563 1325 647 1393 beati,

55 1407 172 1462 Condita
183 1411 248 1478 post
260 1407 401 1462 frumento
412 1407 538 1461 levantes
549 1411 677 1477 tempore
688 1406 761 1460 festo
905 1412 955 1461 140

54 1490 161 1560 Corpus
173 1492 202 1542 et
213 1489 307 1560 ipsum
319 1488 445 1542 animum
457 1505 508 1558 spe
519 1487 584 1541 finis
597 1486 666 1540 dure
677 1487 822 1553 ferentem,

52 1573 124 1628 Cum
137 1571 221 1626 sociis
233 1588 358 1643 operum,
371 1570 466 1641 pueris
477 1572 508 1624 et
518 1569 635 1639 conjuge
645 1568 710 1636 fids,

52 1655 193 1708 Tellurem
205 1669 298 1724 porco,
311 1652 455 1707 Silvanum
466 1651 538 1705 lecte
548 1650 674 1720 piabant,

54 2927 187 2983 Floribus
199 2929 229 2981 et
240 2925 305 2981 vino
317 2924 437 2979 Genium
449 2940 603 2978 memorem
613 2922 707 2977 brevis
718 2921 787 2976 oevi.

54 3008 230 3068 Fescennina
241 3024 290 3078 per
301 3006 377 3060 hunc
388 3006 503 3059 invente
513 3004 627 3059 licentis
638 3020 744 3057 morem

54 3091 193 3147 Versibus
205 3088 321 3144 alternis
333 3086 481 3158 opprobrie
492 3086 597 3140 rustice
607 3083 691 3152 fudit,

55 3174 240 3241 libertasque
252 3171 425 3223 recurrentes
437 3170 551 3237 eccepto
562 3181 711 3236 perennes
774 3172 783 3193 ’

55 3254 137 3309 Lusit
148 3250 313 3317 amabiliter,
326 3249 413 3303 donec
422 3247 481 3317 jam
493 3262 592 3301 saevus
603 3247 728 3315 opertum

57 3336 87 3390 ln
101 3335 212 3390 rabiem
223 3332 316 3404 coepit
327 3332 401 3387 verti
409 3330 489 3401 jocus
502 3332 531 3384 et
542 3346 593 3399 per
604 3327 736 3380 honestes
