2342 3850
224 302 271 352 150
545 299 682 350 nostru
695 299 808 350 FLAOOI

224 430 296 486 Belli
306 430 425 485 ferratos
435 433 533 502 poetes
542 433 694 501 portasque
706 429 839 501 refregit''

225 511 356 567 invenies
368 513 454 566 etism
465 511 576 581 disjecti
588 511 715 566 membra
725 515 833 582 poetae.

224 592 371 647 Hactenus
382 592 463 646 hose:
471 593 550 665 xmae
557 591 670 662 justum
681 592 722 646 sit
732 609 821 646 neone
831 594 940 662 poema,

224 672 310 728 Nune
320 672 392 726 illud
402 675 517 726 temtum
528 689 668 742 quaeram,
680 673 818 727 meritone
829 671 884 726 tibi
895 672 936 726 sit

224 753 393 824 Suspectum
403 769 491 824 genus
502 753 556 807 hoe
566 751 714 808 scribendi.
749 751 860 808 Sulcius
872 769 935 807 arar

223 833 360 888 Ambulat
371 836 402 888 et
410 833 530 904 Caprius
540 834 617 888 rsuei
628 833 700 888 mele
712 849 833 903 eumque
843 832 955 902 libellis,

224 913 343 984 Magnus
353 917 472 986 uterque
483 915 571 968 timor
580 913 755 980 lstrombus;
772 917 802 966 at
813 912 885 968 bene
896 913 922 967 si
933 913 1000 984 quis

224 993 263 1048 Et
271 994 348 1048 vivat
359 995 438 1065 piu-is
448 994 580 1050 manibus
592 996 756 1048 contemnat
767 996 927 1064 utrumque.

224 1073 267 1129 Ut
279 1075 319 1129 sis
330 1077 365 1129 tu
375 1075 478 1130 similis
489 1075 566 1130 Caeli
577 1074 706 1145 Birrique
718 1075 870 1143 latronum,

224 1154 290 1209 Non
301 1172 352 1226 ego
360 1173 425 1210 sum
436 1155 520 1226 Capri
530 1172 622 1225 neque
634 1154 723 1210 Sulci:
740 1172 791 1210 our
802 1157 912 1208 metues
923 1152 987 1208 mel
1111 1161 1138 1214 70

224 1234 310 1290 Nulla
320 1235 438 1291 tobes-na
448 1253 527 1290 meos
537 1235 641 1290 habeat
652 1252 743 1306 neque
755 1235 812 1306 pila
822 1235 940 1303 libellos,

225 1315 295 1383 Quis
306 1333 407 1370 manus
418 1316 532 1371 insudet
545 1316 620 1386 vulgi
632 1315 871 1386 Hermogenisque
883 1314 993 1386 Tigelli:

224 1396 285 1452 Neo
295 1398 384 1452 recito
396 1397 528 1468 suiquam
539 1397 596 1451 nisi
607 1397 712 1466 amieis,
725 1396 809 1467 idque
820 1399 942 1466 eoactus,

111 1531 114 1536 ,
224 1477 291 1532 Non
301 1477 394 1533 ubivis
406 1477 726 1548 eommvequibuslibet.
762 1475 963 1547 Inmodioqui

224 1558 336 1629 Scripta
346 1558 407 1614 foro
418 1557 538 1613 reoitent
549 1561 618 1612 sunt
629 1557 713 1612 multi
725 1557 830 1627 quique
841 1557 980 1612 levantes:

225 1638 315 1693 Suave
326 1639 403 1694 locus
415 1638 477 1692 voci
488 1641 602 1692 resonat
613 1638 767 1692 oonelusus.
802 1637 905 1692 Inanes

224 1717 287 1773 Hoe
294 1718 386 1789 juvat,
397 1717 474 1774 haud
485 1717 556 1773 illud
568 1721 743 1788 quaerentes,
756 1735 826 1772 num
837 1717 898 1772 sine
909 1735 1002 1787 sensu,

223 1798 360 1869 Tempore
371 1817 440 1853 num
451 1798 556 1854 locunt
567 1798 665 1854 alieno.
702 1801 719 1830 “
728 1798 848 1854 Leedere
860 1799 985 1868 gaudes,”

223 1877 333 1950 Inquit,
345 1881 401 1935 “et
412 1878 466 1935 hoo
476 1879 572 1935 studio
584 1897 687 1951 pravus
698 1878 790 1935 facis?
826 1878 909 1935 Unde
920 1879 1048 1951 petitum

223 1960 286 2015 Hoc
298 1961 328 2015 in
340 1979 386 2016 me
393 1962 485 2032 jaeisl
520 1961 574 2015 Est
585 1964 682 2017 suntor
693 1962 758 2032 quis
770 1961 889 2032 denique
900 1979 996 2017 eorum
1102 1970 1138 2021 80

223 2040 292 2095 Vixi
304 2060 369 2097 eum
381 2042 503 2112 quibust
539 2042 696 2097 Absentem
707 2043 756 2113 qui
768 2042 843 2097 rodit
854 2042 996 2109 amioum5

223 2120 279 2188 Qui
291 2140 349 2177 non
360 2122 486 2177 defendit
497 2123 551 2178 alio
563 2123 694 2193 culpante
706 2141 713 2189 ;
730 2123 838 2177 solutos

223 2201 279 2267 Qui
290 2205 386 2273 captat
397 2204 472 2257 risus
483 2204 631 2257 hominum
642 2203 800 2273 famemque
813 2202 933 2271 dicaam

222 2280 340 2351 Fingere
352 2284 401 2353 qui
411 2300 469 2338 non
480 2284 541 2338 vise
551 2286 647 2354 potest
657 2304 665 2350 ;
683 2284 830 2339 commissa
842 2287 933 2339 tacere

223 2361 279 2429 Qui
290 2364 405 2433 nequit;
422 2364 469 2418 hie
479 2365 558 2434 niger
569 2367 623 2433 est,
634 2364 711 2419 hune
721 2367 763 2433 tu,
775 2363 908 2435 Romane,
920 2368 1027 2419 caveto.

222 2442 309 2515 Saepe
319 2445 414 2499 tribus
425 2444 507 2499 lectis
518 2445 613 2499 videas
626 2462 739 2499 coenare
752 2448 911 2515 quaternos,

222 2524 246 2580 E
259 2526 361 2596 quibus
372 2544 446 2581 unus
458 2529 535 2580 amet
546 2526 644 2596 quevis
656 2527 820 2597 adspergere
832 2530 949 2581 cunctos

221 2606 335 2661 Praeter
347 2624 413 2662 eum
425 2608 474 2678 qui
485 2607 602 2678 praebet
614 2624 729 2677 equum
741 2610 806 2677 post
818 2607 894 2663 huno
906 2624 1018 2679 quoque
1031 2612 1137 2679 potus,

223 2686 343 2741 Condita
355 2705 420 2742 eum
430 2706 515 2743 verax
525 2690 617 2759 sperit
628 2687 787 2759 praecordis
799 2688 889 2743 Liber.

221 2766 277 2823 Hic
289 2768 343 2822 tibi
355 2768 442 2822 comis
454 2772 484 2823 et
496 2768 620 2823 urbanus
632 2768 757 2838 liberque
768 2767 889 2838 videtur,
1099 2774 1139 2825 90

221 2848 330 2904 Inlesto
342 2850 437 2919 nigris.
472 2850 530 2921 Ego
540 2850 567 2904 si
579 2850 630 2904 risi
641 2849 717 2921 quod
730 2850 844 2920 ineptus

220 2931 350 2988 Pastillos
361 2932 481 2987 Rufillus
493 2934 559 3002 olet,
572 2933 728 3003 Gorgonius
739 2932 859 3002 hircius,

219 3011 336 3067 Lividus
348 3016 377 3067 et
388 3012 504 3067 mordax
514 3013 611 3069 videor
622 3013 676 3069 tibi
686 3013 696 3069 l
732 3012 840 3069 Mentio
851 3012 877 3067 si
888 3030 944 3083 qua

221 3094 264 3147 De
277 3094 428 3165 Capitolini
439 3094 525 3148 furtis
536 3094 640 3164 injecta
651 3094 744 3149 Petilli

219 3175 259 3227 Te
271 3192 364 3229 eoram
376 3176 469 3244 fuerit,
482 3175 614 3231 delendas
626 3180 660 3230 ut
672 3180 740 3233 tuus
752 3178 796 3231 est
808 3193 882 3231 mos:

222 3253 294 3306 “Me
306 3254 481 3323 Capitolinus
493 3255 651 3309 convictore
663 3273 732 3310 usus
743 3256 888 3326 amicoque

219 3330 246 3387 A
257 3349 344 3401 puero
356 3338 407 3401 est,
418 3352 557 3406 oauseque
567 3352 630 3391 mea
641 3336 782 3408 permulta
794 3340 911 3407 rogetus

825 3556 848 3590 N
