2342 3850
527 305 663 354 HORATII
677 305 790 353 runccl

345 435 478 490 Tardevit
490 433 555 502 alas,
568 451 633 488 cum
645 434 765 505 populus
778 434 911 502 frequens

347 517 465 570 Laetum
476 515 597 570 theatris
608 519 653 568 ter
665 515 776 584 crepuit
787 531 902 568 sonum:

379 595 426 650 Me
438 600 556 650 truncus
569 595 686 666 illapsus
697 594 811 649 cerebro

327 676 329 681 ’
415 676 581 743 sustulerat,
594 675 650 729 nisi
662 675 776 729 Faunus
787 675 877 728 ictum

347 756 454 811 Dextra
464 757 592 824 levasset,
603 755 810 810 Mercurialium

350 835 453 890 Custos
465 836 598 890 virorum.
634 833 758 888 Reddere
770 833 902 889 victimas

381 915 543 986 Aedemque
555 916 680 970 votivam
693 918 849 969 memento:

417 997 476 1051 Nos
488 996 625 1051 humilem
637 996 770 1054 feriemus
782 1011 889 1066 agnum.
939 1047 942 1056 ,

569 1337 679 1434 Xylll.

347 1501 413 1556 Nou
426 1502 497 1556 ebur
507 1517 598 1571 neque
611 1517 728 1555 aureum

382 1582 445 1636 Mea
457 1581 567 1636 renidet
578 1581 609 1634 in
621 1581 705 1635 domo
717 1581 830 1637 lacunar
837 1601 846 1648 ;

347 1661 411 1716 Non
423 1662 516 1716 trabes
528 1662 692 1731 Hymettiae

382 1741 518 1796 Premunt
526 1741 669 1796 columnas
680 1743 783 1797 ultima
794 1742 897 1799 recisas

347 1821 456 1886 Africe3
475 1837 565 1892 neque
576 1821 668 1877 Attali
962 1811 966 1819 ’

381 1901 499 1973 Ignotus
510 1902 594 1957 heres
605 1903 710 1975 regiam
722 1903 870 1975 occupavi3

348 1982 409 2039 Nec
420 1982 569 2038 Laconicas
581 1984 653 2038 mihi

382 2064 509 2118 Trahunt
520 2064 655 2119 honestae
667 2081 807 2135 purpuras
819 2063 951 2118 chentae:

346 2146 386 2199 At
399 2144 469 2198 fides
481 2148 511 2199 et
523 2144 617 2215 ingeni

380 2225 504 2295 Benigne
515 2242 587 2279 vena
600 2228 651 2293 est,
664 2241 870 2295 pauperemque
881 2224 963 2279 dives

346 2305 391 2359 Me
404 2306 492 2375 petit}
510 2306 582 2359 nihil
594 2322 679 2376 supra
925 2336 928 2339 ·

381 2386 455 2440 Deos
466 2386 579 2454 lacesso,
592 2404 644 2441 nec
654 2388 800 2457 potentem
811 2384 933 2438 amicum

345 2467 474 2537 largiora
485 2465 588 2537 flagito,

381 2547 456 2602 Setis
467 2548 568 2603 beatus
579 2547 671 2602 unicis
683 2545 802 2601 Sabinis

346 2630 485 2702 Truditur
495 2629 555 2683 dies
568 2628 621 2696 die,

380 2708 531 2780 Novasque
543 2712 665 2781 pergunt
676 2708 792 2762 interire
803 2706 893 2761 lunae.

345 2790 518 2843 Tusecande
530 2805 669 2844 marmora
810 2811 812 2814 ·

380 2870 466 2925 hocas
478 2870 533 2925 snb
544 2871 640 2941 ipsum
652 2870 745 2938 furnus,
758 2872 788 2923 et
800 2868 921 2939 sepulcri

342 2951 498 3005 Immemor
509 2952 596 3005 struis
609 2950 708 3005 domos

381 3030 521 3100 Marisque
533 3030 608 3085 Baiis
620 3030 811 3101 obstrepentis
821 3045 905 3098 urges

344 3111 526 3165 Summovere
538 3110 644 3179 littora,

379 3190 481 3245 Parum
492 3189 616 3260 locuples
628 3192 791 3246 continente
803 3191 872 3261 ripa

345 3270 426 3338 Quid,
439 3271 514 3340 quod
525 3287 614 3341 usque
626 3274 770 3341 proximos

378 3349 500 3405 Revellis
512 3352 571 3422 agri
583 3352 722 3406 terminos
734 3354 764 3405 et
776 3350 854 3404 ultra
