2342 3850
343 315 345 318 ·
446 371 449 377 Ι
526 299 671 348 7ΗΟΒΔΊἮ
684 298 797 346 mucel

324 423 434 478 imbelli
446 422 553 477 eithara
565 423 689 476 earmina
701 421 824 489 divides;

359 503 553 574 Nequioquam
564 503 687 558 thalamo
695 521 792 573 graves

323 590 428 646 Hastae
439 594 469 644 et
480 591 578 645 oalami
590 591 697 662 spioissa
708 590 804 646 Gnosii

235 689 236 694 ¹
324 672 437 730 Vitabis
448 673 653 742 strepitumque
666 675 696 725 et
707 671 823 726 celerem
835 670 914 742 sequi

323 753 456 822 Ajeoem3
473 757 568 806 tamen
579 751 635 806 heu
647 769 726 806 serus
737 752 879 808 adulteros

365 833 463 888 Orines
475 834 591 904 puivere
603 833 725 887 oollines.

324 914 389 968 Non
402 914 566 968 Laertiaden
578 913 697 968 exitium
708 917 774 968 tuae

326 995 418 1062 Genti,
431 1012 487 1048 non
499 994 609 1066 Pylium
620 994 648 1047 N
649 997 741 1049 estora
752 995 889 1067 respicis?

325 1075 434 1146 Urgent
446 1075 581 1146 impavidi
593 1079 623 1129 te
635 1075 800 1130 Salaminius

361 1157 467 1211 Teueer
479 1160 508 1210 et
520 1156 669 1210 Sthenelus
681 1157 771 1211 sciens
828 1198 830 1204 ,

325 1238 441 1308 Pugnae,
454 1237 512 1291 sive
524 1254 596 1308 opus
607 1240 652 1290 est
663 1237 823 1309 imperitare
834 1237 913 1306 equis

324 1317 352 1371 N
352 1336 389 1373 on
401 1317 495 1388 auriga
507 1317 584 1389 piger
595 1337 602 1383 3
619 1317 763 1371 Merionen
775 1334 887 1387 quoque

325 1399 438 1453 Nosoes.
474 1397 544 1453 Eoos
556 1399 625 1452 furit
636 1402 667 1452 te
678 1399 798 1468 reperire
809 1403 891 1453 atrox

360 1479 482 1550 Tydides
490 1479 589 1533 melior
601 1481 688 1549 petre,

326 1559 416 1626 Quem
427 1563 461 1613 iu
473 1576 572 1613 servus
583 1559 627 1612 uti
638 1557 719 1612 vallis
730 1558 761 1612 in
772 1558 859 1614 altera

325 1641 425 1695 Visum
437 1643 517 1711 parto
529 1639 628 1710 lupum
638 1639 771 1710 graminis
782 1640 930 1695 immemor

324 1720 445 1775 Sublimi
456 1719 545 1790 fugies
556 1719 649 1774 mollis
660 1719 793 1788 anhelitu,

360 1802 426 1855 Non
438 1800 492 1856 hoo
504 1800 646 1871 pollicitus
657 1804 731 1855 tuae.

329 1883 466 1937 Iracunda
477 1882 552 1937 diem
564 1882 687 1954 proferet
699 1882 753 1936 Ilio

325 1963 515 2034 Matronisque
527 1963 668 2034 Phrygum
680 1962 775 2017 classis
786 1963 921 2030 Achillei3

325 2044 393 2098 Post
405 2047 494 2099 certas
505 2044 613 2098 hiemes
623 2048 688 2098 uret
699 2044 838 2100 Achaious

363 2124 441 2195 Ignis
453 2124 551 2179 iliacas
563 2124 669 2179 domos.

599 2431 680 2509 xvi.

327 2611 350 2666 Ο
369 2626 466 2667 muna
477 2614 594 2683 pulchra
604 2616 661 2670 filia
672 2614 819 2687 pulchrior,

326 2692 416 2758 Quem
428 2694 583 2750 criminosis
595 2714 704 2768 ermque
716 2697 792 2753 voles
803 2698 919 2755 modum

361 2772 449 2828 Penes
460 2776 567 2844 iambis,
579 2777 638 2831 sive
649 2777 762 2833 flamma

396 2854 460 2909 Sive
472 2857 542 2910 mari
553 2857 624 2911 libet
636 2858 784 2914 Hadriano.

326 2933 392 2989 Non
403 2932 585 3006 Dindymene,
597 2955 654 2992 non
665 2940 758 3009 adytis
769 2943 864 3010 quatit

324 3014 450 3071 Mentem
462 3016 638 3072 sacerdotum
650 3019 740 3074 incola
751 3022 878 3092 Pythius,

359 3096 426 3150 Non
438 3097 521 3152 Liber
531 3116 626 3169 aeque,
636 3118 695 3155 non
706 3107 787 3157 acuta

395 3178 441 3233 Sio
452 3180 596 3249 geminent
608 3181 780 3252 Corybantes
792 3202 855 3239 aera

325 3257 434 3314 Tristes
444 3264 478 3315 ut
489 3260 553 3328 irae,
566 3279 636 3332 quae
648 3280 739 3333 neque
750 3264 871 3321 Noricus

325 3337 455 3395 Deterret
467 3341 542 3397 ensis
553 3360 607 3399 neo
617 3361 694 3405 mare
704 3346 869 3417 naufragum
