<?xml version="1.0" encoding="UTF-8"?>
<!DOCTYPE html PUBLIC "-//W3C//DTD XHTML 1.0 Transitional//EN"
    "http://www.w3.org/TR/xhtml1/DTD/xhtml1-transitional.dtd">
<html xmlns="http://www.w3.org/1999/xhtml" xml:lang="en" lang="en">
 <head>
  <title>
</title>
<meta http-equiv="Content-Type" content="text/html;charset=utf-8" />
  <meta name='ocr-system' content='tesseract 3.04.00' />
  <meta name='ocr-capabilities' content='ocr_page ocr_carea ocr_par ocr_line ocrx_word'/>
</head>
<body>
  <div class='ocr_page' id='page_1' title='image "./quintushoratius00scotgoog_0203.png"; bbox 0 0 2342 3850; ppageno 0'>
   <div class='ocr_carea' id='block_1_1' title="bbox 365 303 955 354">
    <p class='ocr_par' dir='ltr' id='par_1_1' title="bbox 365 303 955 354">
     <span class='ocr_line' id='line_1_1' title="bbox 365 303 955 354; baseline 0.003 -4"><span class='ocrx_word' id='word_1_1' title='bbox 365 303 550 352; x_wconf 73' lang='lat' dir='ltr'>sarmauu</span> <span class='ocrx_word' id='word_1_2' title='bbox 565 305 600 354; x_wconf 91' lang='lat'>11.</span> <span class='ocrx_word' id='word_1_3' title='bbox 614 307 636 352; x_wconf 75' lang='lat'>4.</span> <span class='ocrx_word' id='word_1_4' title='bbox 912 304 955 352; x_wconf 77' lang='lat'>185</span> 
     </span>
    </p>
   </div>
   <div class='ocr_carea' id='block_1_2' title="bbox 375 645 527 730">
    <p class='ocr_par' dir='ltr' id='par_1_2' title="bbox 375 645 527 730">
     <span class='ocr_line' id='line_1_2' title="bbox 375 645 527 730; baseline -0.013 1"><span class='ocrx_word' id='word_1_5' title='bbox 375 645 527 730; x_wconf 72' lang='lat' dir='ltr'>&#39;ru</span> 
     </span>
    </p>
   </div>
   <div class='ocr_carea' id='block_1_3' title="bbox 47 837 957 3249">
    <p class='ocr_par' dir='ltr' id='par_1_3' title="bbox 48 837 919 990">
     <span class='ocr_line' id='line_1_3' title="bbox 49 837 919 909; baseline -0.002 -15"><span class='ocrx_word' id='word_1_6' title='bbox 49 844 64 870; x_wconf 75' lang='lat'>‘⁸</span> <span class='ocrx_word' id='word_1_7' title='bbox 73 839 165 894; x_wconf 81' lang='lat' dir='ltr'>Uunn</span> <span class='ocrx_word' id='word_1_8' title='bbox 177 842 207 893; x_wconf 89' lang='lat' dir='ltr'>et</span> <span class='ocrx_word' id='word_1_9' title='bbox 219 856 275 909; x_wconf 91' lang='lat' dir='ltr'>quo</span> <span class='ocrx_word' id='word_1_10' title='bbox 288 838 422 894; x_wconf 80' lang='lat' dir='ltr'>Oatiusl”</span> <span class='ocrx_word' id='word_1_11' title='bbox 460 844 474 870; x_wconf 87' lang='lat'>“</span> <span class='ocrx_word' id='word_1_12' title='bbox 481 839 547 893; x_wconf 89' lang='lat' dir='ltr'>Non</span> <span class='ocrx_word' id='word_1_13' title='bbox 559 842 604 894; x_wconf 88' lang='lat' dir='ltr'>est</span> <span class='ocrx_word' id='word_1_14' title='bbox 616 838 688 892; x_wconf 86' lang='lat' dir='ltr'>mihi</span> <span class='ocrx_word' id='word_1_15' title='bbox 699 842 813 909; x_wconf 89' lang='lat' dir='ltr'>tempus</span> <span class='ocrx_word' id='word_1_16' title='bbox 825 837 919 894; x_wconf 84' lang='lat' dir='ltr'>aventi</span> 
     </span>
     <span class='ocr_line' id='line_1_4' title="bbox 48 919 749 990; baseline 0.001 -17"><span class='ocrx_word' id='word_1_17' title='bbox 48 921 155 974; x_wconf 81' lang='lat' dir='ltr'>Ponere</span> <span class='ocrx_word' id='word_1_18' title='bbox 168 919 248 990; x_wconf 87' lang='lat' dir='ltr'>signa</span> <span class='ocrx_word' id='word_1_19' title='bbox 258 919 340 974; x_wconf 86' lang='lat' dir='ltr'>novis</span> <span class='ocrx_word' id='word_1_20' title='bbox 351 920 518 990; x_wconf 75' lang='lat' dir='ltr'>praeceptis,</span> <span class='ocrx_word' id='word_1_21' title='bbox 531 920 625 990; x_wconf 86' lang='lat' dir='ltr'>quelia</span> <span class='ocrx_word' id='word_1_22' title='bbox 635 920 749 974; x_wconf 83' lang='lat' dir='ltr'>vincant</span> 
     </span>
    </p>

    <p class='ocr_par' dir='ltr' id='par_1_4' title="bbox 47 1000 806 1232">
     <span class='ocr_line' id='line_1_5' title="bbox 47 1000 806 1071; baseline 0.003 -18"><span class='ocrx_word' id='word_1_23' title='bbox 47 1001 228 1071; x_wconf 83' lang='lat' dir='ltr'>Pythagoran</span> <span class='ocrx_word' id='word_1_24' title='bbox 238 1000 384 1071; x_wconf 73' lang='lat' dir='ltr'>Anytique</span> <span class='ocrx_word' id='word_1_25' title='bbox 394 1017 475 1055; x_wconf 89' lang='lat' dir='ltr'>reum</span> <span class='ocrx_word' id='word_1_26' title='bbox 486 1001 657 1070; x_wconf 90' lang='lat' dir='ltr'>doctumque</span> <span class='ocrx_word' id='word_1_27' title='bbox 668 1000 806 1056; x_wconf 85' lang='lat' dir='ltr'>Platona’&#39;</span> 
     </span>
     <span class='ocr_line' id='line_1_6' title="bbox 49 1081 728 1152; baseline 0.003 -18"><span class='ocrx_word' id='word_1_28' title='bbox 49 1081 225 1134; x_wconf 85' lang='lat' dir='ltr'>“Peccatum</span> <span class='ocrx_word' id='word_1_29' title='bbox 236 1081 326 1135; x_wconf 82' lang='lat' dir='ltr'>fateor</span> <span class='ocrx_word' id='word_1_30' title='bbox 338 1097 404 1136; x_wconf 91' lang='lat' dir='ltr'>cum</span> <span class='ocrx_word' id='word_1_31' title='bbox 414 1085 445 1136; x_wconf 92' lang='lat' dir='ltr'>te</span> <span class='ocrx_word' id='word_1_32' title='bbox 456 1082 498 1136; x_wconf 90' lang='lat' dir='ltr'>sic</span> <span class='ocrx_word' id='word_1_33' title='bbox 509 1084 637 1152; x_wconf 87' lang='lat' dir='ltr'>tempore</span> <span class='ocrx_word' id='word_1_34' title='bbox 649 1081 728 1136; x_wconf 89' lang='lat' dir='ltr'>laevo</span> 
     </span>
     <span class='ocr_line' id='line_1_7' title="bbox 49 1161 702 1232; baseline -0.002 -16"><span class='ocrx_word' id='word_1_35' title='bbox 49 1161 275 1232; x_wconf 79' lang='lat' dir='ltr'>Interpellarim3</span> <span class='ocrx_word' id='word_1_36' title='bbox 293 1161 345 1216; x_wconf 88' lang='lat' dir='ltr'>sed</span> <span class='ocrx_word' id='word_1_37' title='bbox 356 1161 406 1215; x_wconf 87' lang='lat' dir='ltr'>des</span> <span class='ocrx_word' id='word_1_38' title='bbox 416 1163 529 1216; x_wconf 82' lang='lat' dir='ltr'>veniam</span> <span class='ocrx_word' id='word_1_39' title='bbox 540 1161 632 1216; x_wconf 87' lang='lat' dir='ltr'>bonus</span> <span class='ocrx_word' id='word_1_40' title='bbox 645 1178 702 1215; x_wconf 88' lang='lat' dir='ltr'>oro.</span> 
     </span>
    </p>

    <p class='ocr_par' dir='ltr' id='par_1_5' title="bbox 49 1241 838 1312">
     <span class='ocr_line' id='line_1_8' title="bbox 49 1241 838 1312; baseline -0.001 -15"><span class='ocrx_word' id='word_1_41' title='bbox 49 1243 132 1308; x_wconf 83' lang='lat' dir='ltr'>Quod</span> <span class='ocrx_word' id='word_1_42' title='bbox 143 1242 170 1296; x_wconf 90' lang='lat' dir='ltr'>si</span> <span class='ocrx_word' id='word_1_43' title='bbox 181 1241 359 1298; x_wconf 87' lang='lat' dir='ltr'>interciderit</span> <span class='ocrx_word' id='word_1_44' title='bbox 370 1241 426 1296; x_wconf 89' lang='lat' dir='ltr'>tibi</span> <span class='ocrx_word' id='word_1_45' title='bbox 437 1259 513 1296; x_wconf 92' lang='lat' dir='ltr'>nunc</span> <span class='ocrx_word' id='word_1_46' title='bbox 524 1242 631 1312; x_wconf 83' lang='lat' dir='ltr'>aliquid</span> <span class='ocrx_word' id='word_1_47' title='bbox 642 1245 752 1312; x_wconf 89' lang='lat' dir='ltr'>repetes</span> <span class='ocrx_word' id='word_1_48' title='bbox 764 1259 838 1310; x_wconf 84' lang='lat' dir='ltr'>mox,</span> 
     </span>
    </p>

    <p class='ocr_par' dir='ltr' id='par_1_6' title="bbox 49 1322 786 1392">
     <span class='ocr_line' id='line_1_9' title="bbox 49 1322 786 1392; baseline -0.001 -15"><span class='ocrx_word' id='word_1_49' title='bbox 49 1323 112 1377; x_wconf 81' lang='lat' dir='ltr'>Sive</span> <span class='ocrx_word' id='word_1_50' title='bbox 124 1327 172 1377; x_wconf 87' lang='lat' dir='ltr'>est</span> <span class='ocrx_word' id='word_1_51' title='bbox 182 1325 300 1377; x_wconf 88' lang='lat' dir='ltr'>naturae</span> <span class='ocrx_word' id='word_1_52' title='bbox 311 1322 366 1377; x_wconf 92' lang='lat' dir='ltr'>hoc</span> <span class='ocrx_word' id='word_1_53' title='bbox 377 1322 437 1376; x_wconf 88' lang='lat' dir='ltr'>sive</span> <span class='ocrx_word' id='word_1_54' title='bbox 449 1322 526 1389; x_wconf 87' lang='lat' dir='ltr'>artis,</span> <span class='ocrx_word' id='word_1_55' title='bbox 537 1323 628 1377; x_wconf 89' lang='lat' dir='ltr'>mirus</span> <span class='ocrx_word' id='word_1_56' title='bbox 639 1323 786 1392; x_wconf 82' lang='lat' dir='ltr'>utroque.&#39;’</span> 
     </span>
    </p>

    <p class='ocr_par' dir='ltr' id='par_1_7' title="bbox 50 1404 788 1474">
     <span class='ocr_line' id='line_1_10' title="bbox 50 1404 788 1474; baseline -0.001 -15"><span class='ocrx_word' id='word_1_57' title='bbox 50 1408 65 1434; x_wconf 90' lang='lat'>“</span> <span class='ocrx_word' id='word_1_58' title='bbox 72 1405 152 1472; x_wconf 81' lang='lat' dir='ltr'>Quin</span> <span class='ocrx_word' id='word_1_59' title='bbox 162 1404 196 1459; x_wconf 89' lang='lat' dir='ltr'>id</span> <span class='ocrx_word' id='word_1_60' title='bbox 206 1407 268 1457; x_wconf 88' lang='lat' dir='ltr'>erat</span> <span class='ocrx_word' id='word_1_61' title='bbox 280 1420 363 1457; x_wconf 89' lang='lat' dir='ltr'>curae</span> <span class='ocrx_word' id='word_1_62' title='bbox 374 1420 431 1474; x_wconf 90' lang='lat' dir='ltr'>quc</span> <span class='ocrx_word' id='word_1_63' title='bbox 442 1407 526 1474; x_wconf 88' lang='lat' dir='ltr'>pecto</span> <span class='ocrx_word' id='word_1_64' title='bbox 539 1407 642 1458; x_wconf 63' lang='lat' dir='ltr'>cemma</span> <span class='ocrx_word' id='word_1_65' title='bbox 653 1407 788 1472; x_wconf 75' lang='lat' dir='ltr'>tenerem,</span> 
     </span>
    </p>

    <p class='ocr_par' dir='ltr' id='par_1_8' title="bbox 50 1484 727 1556">
     <span class='ocr_line' id='line_1_11' title="bbox 50 1484 727 1556; baseline -0.001 -17"><span class='ocrx_word' id='word_1_66' title='bbox 50 1485 160 1556; x_wconf 90' lang='lat' dir='ltr'>Utpote</span> <span class='ocrx_word' id='word_1_67' title='bbox 172 1501 219 1538; x_wconf 90' lang='lat' dir='ltr'>rcs</span> <span class='ocrx_word' id='word_1_68' title='bbox 230 1487 332 1538; x_wconf 84' lang='lat' dir='ltr'>tenues</span> <span class='ocrx_word' id='word_1_69' title='bbox 343 1485 424 1539; x_wconf 90' lang='lat' dir='ltr'>tenui</span> <span class='ocrx_word' id='word_1_70' title='bbox 435 1501 564 1538; x_wconf 77' lang='lat' dir='ltr'>sermone</span> <span class='ocrx_word' id='word_1_71' title='bbox 576 1484 727 1555; x_wconf 87' lang='lat' dir='ltr'>peractas.”</span> 
     </span>
    </p>

    <p class='ocr_par' dir='ltr' id='par_1_9' title="bbox 50 1564 957 1719">
     <span class='ocr_line' id='line_1_12' title="bbox 50 1564 957 1634; baseline -0.002 -14"><span class='ocrx_word' id='word_1_72' title='bbox 50 1567 131 1620; x_wconf 82' lang='lat' dir='ltr'>“Ede</span> <span class='ocrx_word' id='word_1_73' title='bbox 142 1565 270 1620; x_wconf 86' lang='lat' dir='ltr'>hominis</span> <span class='ocrx_word' id='word_1_74' title='bbox 280 1582 392 1633; x_wconf 82' lang='lat' dir='ltr'>nomen,</span> <span class='ocrx_word' id='word_1_75' title='bbox 404 1565 532 1620; x_wconf 88' lang='lat' dir='ltr'>simulet</span> <span class='ocrx_word' id='word_1_76' title='bbox 544 1565 686 1620; x_wconf 89' lang='lat' dir='ltr'>Romanus</span> <span class='ocrx_word' id='word_1_77' title='bbox 698 1581 734 1618; x_wconf 88' lang='lat' dir='ltr'>an</span> <span class='ocrx_word' id='word_1_78' title='bbox 746 1564 872 1634; x_wconf 85' lang='lat' dir='ltr'>hospes.”</span> <span class='ocrx_word' id='word_1_79' title='bbox 923 1567 957 1618; x_wconf 85' lang='lat'>10</span> 
     </span>
     <span class='ocr_line' id='line_1_13' title="bbox 50 1645 803 1719; baseline -0.005 -17"><span class='ocrx_word' id='word_1_80' title='bbox 50 1652 63 1677; x_wconf 87' lang='lat'>“</span> <span class='ocrx_word' id='word_1_81' title='bbox 70 1648 138 1719; x_wconf 84' lang='lat' dir='ltr'>Ipsa</span> <span class='ocrx_word' id='word_1_82' title='bbox 150 1663 262 1701; x_wconf 92' lang='lat' dir='ltr'>memor</span> <span class='ocrx_word' id='word_1_83' title='bbox 271 1649 422 1717; x_wconf 76' lang='lat' dir='ltr'>praecepte</span> <span class='ocrx_word' id='word_1_84' title='bbox 432 1663 537 1712; x_wconf 70' lang='lat' dir='ltr'>canam,</span> <span class='ocrx_word' id='word_1_85' title='bbox 549 1645 687 1700; x_wconf 88' lang='lat' dir='ltr'>celabitur</span> <span class='ocrx_word' id='word_1_86' title='bbox 698 1648 803 1700; x_wconf 85' lang='lat' dir='ltr'>auctor.</span> 
     </span>
    </p>

    <p class='ocr_par' dir='ltr' id='par_1_10' title="bbox 50 1725 721 1799">
     <span class='ocr_line' id='line_1_14' title="bbox 50 1725 721 1799; baseline -0.006 -17"><span class='ocrx_word' id='word_1_87' title='bbox 50 1728 143 1799; x_wconf 83' lang='lat' dir='ltr'>Longa</span> <span class='ocrx_word' id='word_1_88' title='bbox 153 1727 261 1797; x_wconf 88' lang='lat' dir='ltr'>quibus</span> <span class='ocrx_word' id='word_1_89' title='bbox 271 1725 358 1781; x_wconf 84' lang='lat' dir='ltr'>facies</span> <span class='ocrx_word' id='word_1_90' title='bbox 370 1726 431 1781; x_wconf 84' lang='lat' dir='ltr'>ovis</span> <span class='ocrx_word' id='word_1_91' title='bbox 443 1726 498 1780; x_wconf 84' lang='lat' dir='ltr'>erit</span> <span class='ocrx_word' id='word_1_92' title='bbox 509 1726 559 1780; x_wconf 88' lang='lat' dir='ltr'>illa</span> <span class='ocrx_word' id='word_1_93' title='bbox 569 1728 721 1792; x_wconf 86' lang='lat' dir='ltr'>memento,</span> 
     </span>
    </p>

    <p class='ocr_par' dir='ltr' id='par_1_11' title="bbox 50 1805 732 1876">
     <span class='ocr_line' id='line_1_15' title="bbox 50 1805 732 1876; baseline -0.003 -14"><span class='ocrx_word' id='word_1_94' title='bbox 50 1808 90 1862; x_wconf 89' lang='lat' dir='ltr'>Ut</span> <span class='ocrx_word' id='word_1_95' title='bbox 101 1809 181 1864; x_wconf 88' lang='lat' dir='ltr'>succi</span> <span class='ocrx_word' id='word_1_96' title='bbox 193 1807 318 1862; x_wconf 88' lang='lat' dir='ltr'>melioris</span> <span class='ocrx_word' id='word_1_97' title='bbox 329 1809 359 1861; x_wconf 83' lang='lat' dir='ltr'>et</span> <span class='ocrx_word' id='word_1_98' title='bbox 370 1810 405 1860; x_wconf 91' lang='lat' dir='ltr'>ut</span> <span class='ocrx_word' id='word_1_99' title='bbox 416 1807 506 1876; x_wconf 82' lang='lat' dir='ltr'>magis</span> <span class='ocrx_word' id='word_1_100' title='bbox 518 1805 581 1860; x_wconf 90' lang='lat' dir='ltr'>alba</span> <span class='ocrx_word' id='word_1_101' title='bbox 593 1805 732 1871; x_wconf 82' lang='lat' dir='ltr'>rotundis,</span> 
     </span>
    </p>

    <p class='ocr_par' dir='ltr' id='par_1_12' title="bbox 50 1885 836 1959">
     <span class='ocr_line' id='line_1_16' title="bbox 50 1885 836 1959; baseline -0.005 -15"><span class='ocrx_word' id='word_1_102' title='bbox 50 1890 170 1957; x_wconf 88' lang='lat' dir='ltr'>Ponere;</span> <span class='ocrx_word' id='word_1_103' title='bbox 188 1905 311 1959; x_wconf 87' lang='lat' dir='ltr'>nemque</span> <span class='ocrx_word' id='word_1_104' title='bbox 322 1904 429 1943; x_wconf 89' lang='lat' dir='ltr'>marem</span> <span class='ocrx_word' id='word_1_105' title='bbox 441 1886 576 1943; x_wconf 85' lang='lat' dir='ltr'>cohibent</span> <span class='ocrx_word' id='word_1_106' title='bbox 588 1885 688 1941; x_wconf 86' lang='lat' dir='ltr'>callosa</span> <span class='ocrx_word' id='word_1_107' title='bbox 700 1885 836 1942; x_wconf 73' lang='lat' dir='ltr'>vitellum.</span> 
     </span>
    </p>

    <p class='ocr_par' dir='ltr' id='par_1_13' title="bbox 52 1967 697 2039">
     <span class='ocr_line' id='line_1_17' title="bbox 52 1967 697 2039; baseline -0.011 -13"><span class='ocrx_word' id='word_1_108' title='bbox 52 1971 135 2026; x_wconf 80' lang='lat' dir='ltr'>Gaulo</span> <span class='ocrx_word' id='word_1_109' title='bbox 147 1968 312 2026; x_wconf 88' lang='lat' dir='ltr'>suburbano</span> <span class='ocrx_word' id='word_1_110' title='bbox 324 1969 375 2039; x_wconf 87' lang='lat' dir='ltr'>qui</span> <span class='ocrx_word' id='word_1_111' title='bbox 386 1968 468 2023; x_wconf 89' lang='lat' dir='ltr'>siccis</span> <span class='ocrx_word' id='word_1_112' title='bbox 479 1967 570 2022; x_wconf 86' lang='lat' dir='ltr'>crevit</span> <span class='ocrx_word' id='word_1_113' title='bbox 582 1967 612 2020; x_wconf 93' lang='lat' dir='ltr'>in</span> <span class='ocrx_word' id='word_1_114' title='bbox 625 1967 697 2037; x_wconf 81' lang='lat' dir='ltr'>egris</span> 
     </span>
    </p>

    <p class='ocr_par' dir='ltr' id='par_1_14' title="bbox 51 2047 665 2121">
     <span class='ocr_line' id='line_1_18' title="bbox 51 2047 665 2121; baseline -0.007 -14"><span class='ocrx_word' id='word_1_115' title='bbox 51 2052 182 2118; x_wconf 88' lang='lat' dir='ltr'>Dulcior;</span> <span class='ocrx_word' id='word_1_116' title='bbox 200 2050 306 2121; x_wconf 81' lang='lat' dir='ltr'>irriguo</span> <span class='ocrx_word' id='word_1_117' title='bbox 318 2049 389 2103; x_wconf 91' lang='lat' dir='ltr'>nihil</span> <span class='ocrx_word' id='word_1_118' title='bbox 401 2052 446 2103; x_wconf 86' lang='lat' dir='ltr'>est</span> <span class='ocrx_word' id='word_1_119' title='bbox 457 2048 562 2103; x_wconf 88' lang='lat' dir='ltr'>elutius</span> <span class='ocrx_word' id='word_1_120' title='bbox 574 2047 665 2103; x_wconf 89' lang='lat' dir='ltr'>horto.</span> 
     </span>
    </p>

    <p class='ocr_par' dir='ltr' id='par_1_15' title="bbox 52 2128 725 2202">
     <span class='ocr_line' id='line_1_19' title="bbox 52 2128 725 2202; baseline -0.001 -18"><span class='ocrx_word' id='word_1_121' title='bbox 52 2131 79 2184; x_wconf 83' lang='lat' dir='ltr'>Si</span> <span class='ocrx_word' id='word_1_122' title='bbox 89 2130 271 2202; x_wconf 71' lang='lat' dir='ltr'>vespertinum</span> <span class='ocrx_word' id='word_1_123' title='bbox 282 2129 379 2187; x_wconf 89' lang='lat' dir='ltr'>subito</span> <span class='ocrx_word' id='word_1_124' title='bbox 389 2132 420 2183; x_wconf 89' lang='lat' dir='ltr'>te</span> <span class='ocrx_word' id='word_1_125' title='bbox 431 2129 603 2201; x_wconf 83' lang='lat' dir='ltr'>oppresserit</span> <span class='ocrx_word' id='word_1_126' title='bbox 614 2128 725 2199; x_wconf 86' lang='lat' dir='ltr'>hospes,</span> 
     </span>
    </p>

    <p class='ocr_par' dir='ltr' id='par_1_16' title="bbox 51 2208 684 2283">
     <span class='ocr_line' id='line_1_20' title="bbox 51 2208 684 2283; baseline -0.005 -17"><span class='ocrx_word' id='word_1_127' title='bbox 51 2212 92 2266; x_wconf 84' lang='lat' dir='ltr'>Ne</span> <span class='ocrx_word' id='word_1_128' title='bbox 103 2212 211 2283; x_wconf 82' lang='lat' dir='ltr'>gallina</span> <span class='ocrx_word' id='word_1_129' title='bbox 222 2209 329 2264; x_wconf 89' lang='lat' dir='ltr'>malum</span> <span class='ocrx_word' id='word_1_130' title='bbox 340 2213 487 2280; x_wconf 88' lang='lat' dir='ltr'>responset</span> <span class='ocrx_word' id='word_1_131' title='bbox 499 2209 569 2263; x_wconf 88' lang='lat' dir='ltr'>dura</span> <span class='ocrx_word' id='word_1_132' title='bbox 580 2208 684 2279; x_wconf 84' lang='lat' dir='ltr'>palato,</span> 
     </span>
    </p>

    <p class='ocr_par' dir='ltr' id='par_1_17' title="bbox 51 2289 713 2355">
     <span class='ocr_line' id='line_1_21' title="bbox 51 2289 713 2355; baseline -0.006 -8"><span class='ocrx_word' id='word_1_133' title='bbox 51 2292 158 2347; x_wconf 80' lang='lat' dir='ltr'>Doctus</span> <span class='ocrx_word' id='word_1_134' title='bbox 170 2291 227 2346; x_wconf 88' lang='lat' dir='ltr'>eris</span> <span class='ocrx_word' id='word_1_135' title='bbox 237 2292 332 2345; x_wconf 81' lang='lat' dir='ltr'>vivam</span> <span class='ocrx_word' id='word_1_136' title='bbox 343 2291 434 2345; x_wconf 81' lang='lat' dir='ltr'>mixto</span> <span class='ocrx_word' id='word_1_137' title='bbox 445 2307 568 2345; x_wconf 84' lang='lat' dir='ltr'>mersere</span> <span class='ocrx_word' id='word_1_138' title='bbox 578 2289 713 2355; x_wconf 79' lang='lat' dir='ltr'>Falern03</span> 
     </span>
    </p>

    <p class='ocr_par' dir='ltr' id='par_1_18' title="bbox 51 2369 954 2517">
     <span class='ocr_line' id='line_1_22' title="bbox 52 2369 954 2441; baseline 0 -15"><span class='ocrx_word' id='word_1_139' title='bbox 52 2372 110 2428; x_wconf 88' lang='lat' dir='ltr'>Hoc</span> <span class='ocrx_word' id='word_1_140' title='bbox 121 2377 251 2427; x_wconf 87' lang='lat' dir='ltr'>tenerem</span> <span class='ocrx_word' id='word_1_141' title='bbox 262 2371 353 2426; x_wconf 72' lang='lat' dir='ltr'>iamet</span> <span class='ocrx_word' id='word_1_142' title='bbox 388 2371 570 2425; x_wconf 88' lang='lat' dir='ltr'>Pratonsibus</span> <span class='ocrx_word' id='word_1_143' title='bbox 581 2372 691 2441; x_wconf 90' lang='lat' dir='ltr'>optime</span> <span class='ocrx_word' id='word_1_144' title='bbox 702 2369 795 2440; x_wconf 81' lang='lat' dir='ltr'>fungis</span> <span class='ocrx_word' id='word_1_145' title='bbox 919 2374 954 2426; x_wconf 79' lang='lat'>20</span> 
     </span>
     <span class='ocr_line' id='line_1_23' title="bbox 51 2449 766 2517; baseline 0 -12"><span class='ocrx_word' id='word_1_146' title='bbox 51 2452 160 2507; x_wconf 81' lang='lat' dir='ltr'>Nature</span> <span class='ocrx_word' id='word_1_147' title='bbox 171 2455 234 2517; x_wconf 89' lang='lat' dir='ltr'>est;</span> <span class='ocrx_word' id='word_1_148' title='bbox 250 2452 314 2506; x_wconf 88' lang='lat' dir='ltr'>aliis</span> <span class='ocrx_word' id='word_1_149' title='bbox 324 2451 397 2506; x_wconf 87' lang='lat' dir='ltr'>mule</span> <span class='ocrx_word' id='word_1_150' title='bbox 409 2450 543 2506; x_wconf 87' lang='lat' dir='ltr'>creditur.</span> <span class='ocrx_word' id='word_1_151' title='bbox 578 2450 630 2505; x_wconf 90' lang='lat' dir='ltr'>Ille</span> <span class='ocrx_word' id='word_1_152' title='bbox 642 2449 766 2505; x_wconf 80' lang='lat' dir='ltr'>salubres</span> 
     </span>
    </p>

    <p class='ocr_par' dir='ltr' id='par_1_19' title="bbox 52 2531 696 2603">
     <span class='ocr_line' id='line_1_24' title="bbox 52 2531 696 2603; baseline -0.003 -16"><span class='ocrx_word' id='word_1_153' title='bbox 52 2534 183 2588; x_wconf 84' lang='lat' dir='ltr'>Aestates</span> <span class='ocrx_word' id='word_1_154' title='bbox 195 2536 310 2603; x_wconf 81' lang='lat' dir='ltr'>peraget</span> <span class='ocrx_word' id='word_1_155' title='bbox 321 2533 371 2602; x_wconf 90' lang='lat' dir='ltr'>qui</span> <span class='ocrx_word' id='word_1_156' title='bbox 382 2532 470 2603; x_wconf 84' lang='lat' dir='ltr'>nigris</span> <span class='ocrx_word' id='word_1_157' title='bbox 481 2531 599 2603; x_wconf 88' lang='lat' dir='ltr'>prandia</span> <span class='ocrx_word' id='word_1_158' title='bbox 609 2532 696 2587; x_wconf 89' lang='lat' dir='ltr'>moris</span> 
     </span>
    </p>

    <p class='ocr_par' dir='ltr' id='par_1_20' title="bbox 51 2613 767 2683">
     <span class='ocr_line' id='line_1_25' title="bbox 51 2613 767 2683; baseline -0.001 -15"><span class='ocrx_word' id='word_1_159' title='bbox 51 2613 152 2679; x_wconf 80' lang='lat' dir='ltr'>Finiat,</span> <span class='ocrx_word' id='word_1_160' title='bbox 162 2615 232 2668; x_wconf 83' lang='lat' dir='ltr'>ante</span> <span class='ocrx_word' id='word_1_161' title='bbox 243 2630 355 2683; x_wconf 83' lang='lat' dir='ltr'>gravem</span> <span class='ocrx_word' id='word_1_162' title='bbox 367 2630 438 2683; x_wconf 89' lang='lat' dir='ltr'>quae</span> <span class='ocrx_word' id='word_1_163' title='bbox 449 2613 548 2683; x_wconf 82' lang='lat' dir='ltr'>legerit</span> <span class='ocrx_word' id='word_1_164' title='bbox 560 2613 658 2667; x_wconf 90' lang='lat' dir='ltr'>arbore</span> <span class='ocrx_word' id='word_1_165' title='bbox 671 2613 767 2667; x_wconf 86' lang='lat' dir='ltr'>solem.</span> 
     </span>
    </p>

    <p class='ocr_par' dir='ltr' id='par_1_21' title="bbox 52 2692 639 2760">
     <span class='ocr_line' id='line_1_26' title="bbox 52 2692 639 2760; baseline -0.003 -12"><span class='ocrx_word' id='word_1_166' title='bbox 52 2694 181 2749; x_wconf 84' lang='lat' dir='ltr'>Aufidius</span> <span class='ocrx_word' id='word_1_167' title='bbox 193 2694 261 2748; x_wconf 83' lang='lat' dir='ltr'>forti</span> <span class='ocrx_word' id='word_1_168' title='bbox 272 2694 408 2749; x_wconf 89' lang='lat' dir='ltr'>miscebat</span> <span class='ocrx_word' id='word_1_169' title='bbox 419 2694 503 2748; x_wconf 89' lang='lat' dir='ltr'>mella</span> <span class='ocrx_word' id='word_1_170' title='bbox 514 2692 639 2760; x_wconf 84' lang='lat' dir='ltr'>Falerno,</span> 
     </span>
    </p>

    <p class='ocr_par' dir='ltr' id='par_1_22' title="bbox 50 2766 725 2844">
     <span class='ocr_line' id='line_1_27' title="bbox 50 2766 725 2844; baseline -0.003 -15"><span class='ocrx_word' id='word_1_171' title='bbox 50 2774 192 2842; x_wconf 66' lang='lat' dir='ltr'>blandem,</span> <span class='ocrx_word' id='word_1_172' title='bbox 204 2775 337 2844; x_wconf 90' lang='lat' dir='ltr'>quoniam</span> <span class='ocrx_word' id='word_1_173' title='bbox 349 2776 445 2830; x_wconf 83' lang='lat' dir='ltr'>vacuis</span> <span class='ocrx_word' id='word_1_174' title='bbox 456 2773 633 2830; x_wconf 87' lang='lat' dir='ltr'>committere</span> <span class='ocrx_word' id='word_1_175' title='bbox 645 2766 725 2827; x_wconf 83' lang='lat' dir='ltr'>ve&#39;nis</span> 
     </span>
    </p>

    <p class='ocr_par' dir='ltr' id='par_1_23' title="bbox 51 2854 699 2926">
     <span class='ocr_line' id='line_1_28' title="bbox 51 2854 699 2926; baseline 0 -17"><span class='ocrx_word' id='word_1_176' title='bbox 51 2856 98 2911; x_wconf 86' lang='lat' dir='ltr'>Nil</span> <span class='ocrx_word' id='word_1_177' title='bbox 109 2857 167 2911; x_wconf 92' lang='lat' dir='ltr'>nisi</span> <span class='ocrx_word' id='word_1_178' title='bbox 178 2856 242 2911; x_wconf 88' lang='lat' dir='ltr'>lenc</span> <span class='ocrx_word' id='word_1_179' title='bbox 253 2856 350 2923; x_wconf 90' lang='lat' dir='ltr'>decet;</span> <span class='ocrx_word' id='word_1_180' title='bbox 368 2856 425 2911; x_wconf 88' lang='lat' dir='ltr'>leni</span> <span class='ocrx_word' id='word_1_181' title='bbox 435 2854 595 2926; x_wconf 86' lang='lat' dir='ltr'>praecordia</span> <span class='ocrx_word' id='word_1_182' title='bbox 607 2855 699 2909; x_wconf 91' lang='lat' dir='ltr'>mulso</span> 
     </span>
    </p>

    <p class='ocr_par' dir='ltr' id='par_1_24' title="bbox 50 2935 725 3012">
     <span class='ocr_line' id='line_1_29' title="bbox 50 2935 725 3012; baseline -0.004 -20"><span class='ocrx_word' id='word_1_183' title='bbox 50 2936 188 2993; x_wconf 85' lang='lat' dir='ltr'>Prolueris</span> <span class='ocrx_word' id='word_1_184' title='bbox 199 2937 308 2991; x_wconf 87' lang='lat' dir='ltr'>melius.</span> <span class='ocrx_word' id='word_1_185' title='bbox 343 2937 374 2991; x_wconf 89' lang='lat' dir='ltr'>Si</span> <span class='ocrx_word' id='word_1_186' title='bbox 385 2935 456 2991; x_wconf 87' lang='lat' dir='ltr'>dura</span> <span class='ocrx_word' id='word_1_187' title='bbox 466 2936 624 2990; x_wconf 85' lang='lat' dir='ltr'>morabitur</span> <span class='ocrx_word' id='word_1_188' title='bbox 635 2936 725 3012; x_wconf 63' lang='lat' dir='ltr'>alvus2</span> 
     </span>
    </p>

    <p class='ocr_par' dir='ltr' id='par_1_25' title="bbox 50 3015 697 3088">
     <span class='ocr_line' id='line_1_30' title="bbox 50 3015 697 3088; baseline -0.002 -18"><span class='ocrx_word' id='word_1_189' title='bbox 50 3015 168 3071; x_wconf 83' lang='lat' dir='ltr'>Mitulus</span> <span class='ocrx_word' id='word_1_190' title='bbox 180 3021 212 3071; x_wconf 91' lang='lat' dir='ltr'>et</span> <span class='ocrx_word' id='word_1_191' title='bbox 222 3017 294 3072; x_wconf 87' lang='lat' dir='ltr'>viles</span> <span class='ocrx_word' id='word_1_192' title='bbox 305 3016 410 3088; x_wconf 85' lang='lat' dir='ltr'>pellent</span> <span class='ocrx_word' id='word_1_193' title='bbox 423 3016 564 3071; x_wconf 84' lang='lat' dir='ltr'>obstantis</span> <span class='ocrx_word' id='word_1_194' title='bbox 575 3015 697 3071; x_wconf 88' lang='lat' dir='ltr'>conchae</span> 
     </span>
    </p>

    <p class='ocr_par' dir='ltr' id='par_1_26' title="bbox 50 3095 778 3169">
     <span class='ocr_line' id='line_1_31' title="bbox 50 3095 778 3169; baseline -0.003 -18"><span class='ocrx_word' id='word_1_195' title='bbox 50 3097 87 3152; x_wconf 85' lang='lat' dir='ltr'>Et</span> <span class='ocrx_word' id='word_1_196' title='bbox 97 3098 208 3169; x_wconf 89' lang='lat' dir='ltr'>lapathi</span> <span class='ocrx_word' id='word_1_197' title='bbox 218 3097 314 3153; x_wconf 86' lang='lat' dir='ltr'>brevis</span> <span class='ocrx_word' id='word_1_198' title='bbox 325 3098 420 3162; x_wconf 86' lang='lat' dir='ltr'>herba,</span> <span class='ocrx_word' id='word_1_199' title='bbox 434 3097 484 3152; x_wconf 87' lang='lat' dir='ltr'>sed</span> <span class='ocrx_word' id='word_1_200' title='bbox 495 3097 560 3152; x_wconf 89' lang='lat' dir='ltr'>albo</span> <span class='ocrx_word' id='word_1_201' title='bbox 571 3114 628 3151; x_wconf 91' lang='lat' dir='ltr'>non</span> <span class='ocrx_word' id='word_1_202' title='bbox 641 3097 700 3151; x_wconf 88' lang='lat' dir='ltr'>sine</span> <span class='ocrx_word' id='word_1_203' title='bbox 713 3095 778 3150; x_wconf 80' lang='lat' dir='ltr'>Coc.</span> 
     </span>
    </p>

    <p class='ocr_par' dir='ltr' id='par_1_27' title="bbox 51 3174 955 3249">
     <span class='ocr_line' id='line_1_32' title="bbox 51 3174 955 3249; baseline -0.004 -18"><span class='ocrx_word' id='word_1_204' title='bbox 51 3178 169 3234; x_wconf 85' lang='lat' dir='ltr'>Lubrica</span> <span class='ocrx_word' id='word_1_205' title='bbox 179 3181 328 3233; x_wconf 88' lang='lat' dir='ltr'>nascentes</span> <span class='ocrx_word' id='word_1_206' title='bbox 339 3178 460 3249; x_wconf 87' lang='lat' dir='ltr'>implent</span> <span class='ocrx_word' id='word_1_207' title='bbox 472 3177 617 3248; x_wconf 82' lang='lat' dir='ltr'>conchylia</span> <span class='ocrx_word' id='word_1_208' title='bbox 627 3177 729 3241; x_wconf 86' lang='lat' dir='ltr'>lunae;</span> <span class='ocrx_word' id='word_1_209' title='bbox 920 3174 955 3227; x_wconf 88' lang='grc'>30</span> 
     </span>
    </p>
   </div>
   <div class='ocr_carea' id='block_1_4' title="bbox 51 3257 788 3409">
    <p class='ocr_par' dir='ltr' id='par_1_28' title="bbox 51 3257 788 3409">
     <span class='ocr_line' id='line_1_33' title="bbox 51 3257 788 3329; baseline -0.007 -15"><span class='ocrx_word' id='word_1_210' title='bbox 51 3259 104 3314; x_wconf 82' lang='lat' dir='ltr'>Sed</span> <span class='ocrx_word' id='word_1_211' title='bbox 115 3277 174 3315; x_wconf 90' lang='lat' dir='ltr'>non</span> <span class='ocrx_word' id='word_1_212' title='bbox 186 3276 270 3314; x_wconf 90' lang='lat' dir='ltr'>omne</span> <span class='ocrx_word' id='word_1_213' title='bbox 281 3276 358 3314; x_wconf 88' lang='lat' dir='ltr'>mere</span> <span class='ocrx_word' id='word_1_214' title='bbox 370 3262 415 3314; x_wconf 84' lang='lat' dir='ltr'>est</span> <span class='ocrx_word' id='word_1_215' title='bbox 426 3276 573 3329; x_wconf 83' lang='lat' dir='ltr'>generosae</span> <span class='ocrx_word' id='word_1_216' title='bbox 586 3257 678 3312; x_wconf 88' lang='lat' dir='ltr'>fertile</span> <span class='ocrx_word' id='word_1_217' title='bbox 690 3258 788 3311; x_wconf 87' lang='lat' dir='ltr'>testae.</span> 
     </span>
     <span class='ocr_line' id='line_1_34' title="bbox 52 3337 761 3409; baseline -0.004 -16"><span class='ocrx_word' id='word_1_218' title='bbox 52 3337 155 3395; x_wconf 84' lang='lat' dir='ltr'>Murice</span> <span class='ocrx_word' id='word_1_219' title='bbox 166 3340 274 3396; x_wconf 85' lang='lat' dir='ltr'>Baiano</span> <span class='ocrx_word' id='word_1_220' title='bbox 284 3340 385 3395; x_wconf 91' lang='lat' dir='ltr'>melior</span> <span class='ocrx_word' id='word_1_221' title='bbox 396 3338 517 3395; x_wconf 89' lang='lat' dir='ltr'>Lucrina</span> <span class='ocrx_word' id='word_1_222' title='bbox 528 3337 639 3409; x_wconf 85' lang='lat' dir='ltr'>peloris,</span> <span class='ocrx_word' id='word_1_223' title='bbox 759 3342 761 3345; x_wconf 80' lang='grc'>’</span> 
     </span>
    </p>
   </div>
   <div class='ocr_carea' id='block_1_5' title="bbox 0 0 1182 3850">
    <p class='ocr_par' dir='ltr' id='par_1_29' title="bbox 0 0 1182 3850">
     <span class='ocr_line' id='line_1_35' title="bbox 0 0 1182 3850; baseline 0 0"><span class='ocrx_word' id='word_1_224' title='bbox 0 0 1182 3850; x_wconf 95' lang='lat' dir='ltr'> </span> 
     </span>
    </p>
   </div>
  </div>
 </body>
</html>
