<?xml version="1.0" encoding="UTF-8"?>
<!DOCTYPE html PUBLIC "-//W3C//DTD XHTML 1.0 Transitional//EN"
    "http://www.w3.org/TR/xhtml1/DTD/xhtml1-transitional.dtd">
<html xmlns="http://www.w3.org/1999/xhtml" xml:lang="en" lang="en">
 <head>
  <title>
</title>
<meta http-equiv="Content-Type" content="text/html;charset=utf-8" />
  <meta name='ocr-system' content='tesseract 3.04.00' />
  <meta name='ocr-capabilities' content='ocr_page ocr_carea ocr_par ocr_line ocrx_word'/>
</head>
<body>
  <div class='ocr_page' id='page_1' title='image "./quintushoratius00scotgoog_0162.png"; bbox 0 0 2342 3850; ppageno 0'>
   <div class='ocr_carea' id='block_1_1' title="bbox 218 315 805 368">
    <p class='ocr_par' dir='ltr' id='par_1_1' title="bbox 218 315 805 368">
     <span class='ocr_line' id='line_1_1' title="bbox 218 315 805 368; baseline -0.007 -1"><span class='ocrx_word' id='word_1_1' title='bbox 218 320 265 368; x_wconf 76' lang='lat'>144</span> <span class='ocrx_word' id='word_1_2' title='bbox 542 316 679 366; x_wconf 73' lang='lat' dir='ltr'>nouem</span> <span class='ocrx_word' id='word_1_3' title='bbox 691 315 805 368; x_wconf 68' lang='lat' dir='ltr'>mccl</span> 
     </span>
    </p>
   </div>
   <div class='ocr_carea' id='block_1_2' title="bbox 217 444 970 1327">
    <p class='ocr_par' dir='ltr' id='par_1_2' title="bbox 218 444 944 680">
     <span class='ocr_line' id='line_1_2' title="bbox 218 444 905 517; baseline -0.004 -15"><span class='ocrx_word' id='word_1_4' title='bbox 218 447 247 502; x_wconf 84' lang='lat' dir='ltr'>N</span> <span class='ocrx_word' id='word_1_5' title='bbox 248 464 279 502; x_wconf 86' lang='lat' dir='ltr'>eo</span> <span class='ocrx_word' id='word_1_6' title='bbox 289 447 378 517; x_wconf 76' lang='lat' dir='ltr'>magis</span> <span class='ocrx_word' id='word_1_7' title='bbox 389 446 451 502; x_wconf 78' lang='lat' dir='ltr'>elbo</span> <span class='ocrx_word' id='word_1_8' title='bbox 461 445 531 502; x_wconf 83' lang='lat' dir='ltr'>velit</span> <span class='ocrx_word' id='word_1_9' title='bbox 542 462 627 516; x_wconf 81' lang='lat' dir='ltr'>quem</span> <span class='ocrx_word' id='word_1_10' title='bbox 639 444 688 500; x_wconf 79' lang='lat' dir='ltr'>det</span> <span class='ocrx_word' id='word_1_11' title='bbox 698 449 799 501; x_wconf 73' lang='lat' dir='ltr'>nature</span> <span class='ocrx_word' id='word_1_12' title='bbox 809 445 905 500; x_wconf 77' lang='lat' dir='ltr'>rideri.</span> 
     </span>
     <span class='ocr_line' id='line_1_3' title="bbox 219 527 944 599; baseline -0.003 -15"><span class='ocrx_word' id='word_1_13' title='bbox 219 528 296 584; x_wconf 83' lang='lat' dir='ltr'>Hseo</span> <span class='ocrx_word' id='word_1_14' title='bbox 307 528 357 584; x_wconf 91' lang='lat' dir='ltr'>ubi</span> <span class='ocrx_word' id='word_1_15' title='bbox 368 528 519 599; x_wconf 72' lang='lat' dir='ltr'><strong>supposuit</strong></span> <span class='ocrx_word' id='word_1_16' title='bbox 530 527 629 582; x_wconf 82' lang='lat' dir='ltr'>dextro</span> <span class='ocrx_word' id='word_1_17' title='bbox 640 543 740 598; x_wconf 89' lang='lat' dir='ltr'>oorpus</span> <span class='ocrx_word' id='word_1_18' title='bbox 751 527 823 582; x_wconf 87' lang='lat' dir='ltr'>mihi</span> <span class='ocrx_word' id='word_1_19' title='bbox 833 527 944 582; x_wconf 82' lang='lat' dir='ltr'>leovum</span> 
     </span>
     <span class='ocr_line' id='line_1_4' title="bbox 219 607 877 680; baseline -0.005 -15"><span class='ocrx_word' id='word_1_20' title='bbox 219 610 272 665; x_wconf 81' lang='lat' dir='ltr'>Iliu</span> <span class='ocrx_word' id='word_1_21' title='bbox 282 612 312 665; x_wconf 91' lang='lat' dir='ltr'>et</span> <span class='ocrx_word' id='word_1_22' title='bbox 322 608 421 680; x_wconf 77' lang='lat' dir='ltr'>Egeria</span> <span class='ocrx_word' id='word_1_23' title='bbox 432 611 492 664; x_wconf 88' lang='lat' dir='ltr'>est:</span> <span class='ocrx_word' id='word_1_24' title='bbox 510 607 547 662; x_wconf 93' lang='lat' dir='ltr'>do</span> <span class='ocrx_word' id='word_1_25' title='bbox 557 625 660 663; x_wconf 89' lang='lat' dir='ltr'>nomen</span> <span class='ocrx_word' id='word_1_26' title='bbox 672 607 817 679; x_wconf 79' lang='lat' dir='ltr'>quodlibet</span> <span class='ocrx_word' id='word_1_27' title='bbox 828 607 877 676; x_wconf 78' lang='lat' dir='ltr'>illi,</span> 
     </span>
    </p>

    <p class='ocr_par' dir='ltr' id='par_1_3' title="bbox 218 687 877 755">
     <span class='ocr_line' id='line_1_5' title="bbox 218 687 877 755; baseline -0.005 -10"><span class='ocrx_word' id='word_1_28' title='bbox 218 690 247 745; x_wconf 88' lang='lat' dir='ltr'>N</span> <span class='ocrx_word' id='word_1_29' title='bbox 247 708 279 745; x_wconf 89' lang='lat' dir='ltr'>eo</span> <span class='ocrx_word' id='word_1_30' title='bbox 289 706 386 744; x_wconf 86' lang='lat' dir='ltr'>vereor</span> <span class='ocrx_word' id='word_1_31' title='bbox 396 706 432 743; x_wconf 92' lang='lat' dir='ltr'>ne</span> <span class='ocrx_word' id='word_1_32' title='bbox 444 687 513 742; x_wconf 91' lang='lat' dir='ltr'>dum</span> <span class='ocrx_word' id='word_1_33' title='bbox 522 688 606 744; x_wconf 75' lang='lat' dir='ltr'>intuo</span> <span class='ocrx_word' id='word_1_34' title='bbox 614 689 658 743; x_wconf 86' lang='lat' dir='ltr'>vir</span> <span class='ocrx_word' id='word_1_35' title='bbox 669 705 733 744; x_wconf 85' lang='lat' dir='ltr'>rure</span> <span class='ocrx_word' id='word_1_36' title='bbox 745 694 877 755; x_wconf 78' lang='lat' dir='ltr'>recurret,</span> 
     </span>
    </p>

    <p class='ocr_par' dir='ltr' id='par_1_4' title="bbox 217 767 970 1327">
     <span class='ocr_line' id='line_1_6' title="bbox 218 767 911 840; baseline -0.003 -14"><span class='ocrx_word' id='word_1_37' title='bbox 218 771 237 826; x_wconf 90' lang='lat' dir='ltr'><strong>J</strong></span> <span class='ocrx_word' id='word_1_38' title='bbox 237 788 310 826; x_wconf 82' lang='lat' dir='ltr'>enus</span> <span class='ocrx_word' id='word_1_39' title='bbox 319 770 471 840; x_wconf 76' lang='lat' dir='ltr'><strong>frangatur,</strong></span> <span class='ocrx_word' id='word_1_40' title='bbox 482 770 567 823; x_wconf 79' lang='lat' dir='ltr'>latret</span> <span class='ocrx_word' id='word_1_41' title='bbox 578 769 663 837; x_wconf 83' lang='lat' dir='ltr'>oanis,</span> <span class='ocrx_word' id='word_1_42' title='bbox 676 767 799 838; x_wconf 88' lang='lat' dir='ltr'>undique</span> <span class='ocrx_word' id='word_1_43' title='bbox 810 785 911 838; x_wconf 86' lang='lat' dir='ltr'>megno</span> 
     </span>
     <span class='ocr_line' id='line_1_7' title="bbox 218 848 911 922; baseline -0.004 -15"><span class='ocrx_word' id='word_1_44' title='bbox 218 852 301 907; x_wconf 82' lang='lat' dir='ltr'>Pulso</span> <span class='ocrx_word' id='word_1_45' title='bbox 311 851 411 906; x_wconf 87' lang='lat' dir='ltr'>domus</span> <span class='ocrx_word' id='word_1_46' title='bbox 422 851 545 922; x_wconf 89' lang='lat' dir='ltr'>strepitu</span> <span class='ocrx_word' id='word_1_47' title='bbox 556 854 677 918; x_wconf 76' lang='lat' dir='ltr'>resonet,</span> <span class='ocrx_word' id='word_1_48' title='bbox 690 848 828 920; x_wconf 75' lang='lat' dir='ltr'>vepallida</span> <span class='ocrx_word' id='word_1_49' title='bbox 838 849 911 904; x_wconf 83' lang='lat' dir='ltr'>lecto</span> 
     </span>
     <span class='ocr_line' id='line_1_8' title="bbox 217 931 885 1001; baseline -0.006 -12"><span class='ocrx_word' id='word_1_50' title='bbox 217 933 338 989; x_wconf 81' lang='lat' dir='ltr'>Desilist</span> <span class='ocrx_word' id='word_1_51' title='bbox 347 933 456 1001; x_wconf 89' lang='lat' dir='ltr'>mulier,</span> <span class='ocrx_word' id='word_1_52' title='bbox 469 933 600 988; x_wconf 80' lang='lat' dir='ltr'>miserem</span> <span class='ocrx_word' id='word_1_53' title='bbox 612 948 642 986; x_wconf 88' lang='lat' dir='ltr'>se</span> <span class='ocrx_word' id='word_1_54' title='bbox 654 931 763 986; x_wconf 84' lang='lat' dir='ltr'>oonseie</span> <span class='ocrx_word' id='word_1_55' title='bbox 775 931 885 995; x_wconf 87' lang='lat' dir='ltr'>olomet,</span> 
     </span>
     <span class='ocr_line' id='line_1_9' title="bbox 219 1011 970 1083; baseline 0 -14"><span class='ocrx_word' id='word_1_56' title='bbox 219 1014 355 1069; x_wconf 85' lang='lat' dir='ltr'>Oruribus</span> <span class='ocrx_word' id='word_1_57' title='bbox 366 1013 433 1068; x_wconf 81' lang='lat' dir='ltr'>hseo</span> <span class='ocrx_word' id='word_1_58' title='bbox 444 1015 562 1082; x_wconf 78' lang='lat' dir='ltr'>metunt,</span> <span class='ocrx_word' id='word_1_59' title='bbox 574 1011 635 1066; x_wconf 90' lang='lat' dir='ltr'>doti</span> <span class='ocrx_word' id='word_1_60' title='bbox 645 1011 789 1083; x_wconf 73' lang='lat' dir='ltr'>deprenso,</span> <span class='ocrx_word' id='word_1_61' title='bbox 802 1015 912 1083; x_wconf 83' lang='lat' dir='ltr'>egomet</span> <span class='ocrx_word' id='word_1_62' title='bbox 923 1012 970 1069; x_wconf 82' lang='lat' dir='ltr'>mi.</span> 
     </span>
     <span class='ocr_line' id='line_1_10' title="bbox 218 1091 921 1164; baseline -0.003 -16"><span class='ocrx_word' id='word_1_63' title='bbox 218 1094 362 1149; x_wconf 85' lang='lat' dir='ltr'>Discincts</span> <span class='ocrx_word' id='word_1_64' title='bbox 373 1094 469 1148; x_wconf 85' lang='lat' dir='ltr'>tunioo</span> <span class='ocrx_word' id='word_1_65' title='bbox 479 1092 645 1164; x_wconf 80' lang='lat' dir='ltr'>fugiendum</span> <span class='ocrx_word' id='word_1_66' title='bbox 658 1096 702 1146; x_wconf 87' lang='lat' dir='ltr'>est</span> <span class='ocrx_word' id='word_1_67' title='bbox 713 1110 744 1148; x_wconf 84' lang='lat' dir='ltr'>oo</span> <span class='ocrx_word' id='word_1_68' title='bbox 755 1091 826 1163; x_wconf 90' lang='lat' dir='ltr'>pede</span> <span class='ocrx_word' id='word_1_69' title='bbox 837 1091 921 1160; x_wconf 87' lang='lat' dir='ltr'>nudo,</span> 
     </span>
     <span class='ocr_line' id='line_1_11' title="bbox 218 1173 939 1244; baseline -0.001 -15"><span class='ocrx_word' id='word_1_70' title='bbox 218 1174 263 1230; x_wconf 88' lang='lat' dir='ltr'>Ne</span> <span class='ocrx_word' id='word_1_71' title='bbox 274 1174 384 1230; x_wconf 90' lang='lat' dir='ltr'>nummi</span> <span class='ocrx_word' id='word_1_72' title='bbox 394 1177 510 1244; x_wconf 81' lang='lat' dir='ltr'>pereunt</span> <span class='ocrx_word' id='word_1_73' title='bbox 521 1176 571 1228; x_wconf 82' lang='lat' dir='ltr'>sut</span> <span class='ocrx_word' id='word_1_74' title='bbox 582 1190 655 1244; x_wconf 81' lang='lat' dir='ltr'>puga</span> <span class='ocrx_word' id='word_1_75' title='bbox 666 1176 717 1228; x_wconf 82' lang='lat' dir='ltr'>eut</span> <span class='ocrx_word' id='word_1_76' title='bbox 728 1173 847 1243; x_wconf 90' lang='lat' dir='ltr'>denique</span> <span class='ocrx_word' id='word_1_77' title='bbox 859 1173 939 1228; x_wconf 76' lang='lat' dir='ltr'>famu</span> 
     </span>
     <span class='ocr_line' id='line_1_12' title="bbox 218 1252 970 1327; baseline 0.003 -17"><span class='ocrx_word' id='word_1_78' title='bbox 218 1255 359 1327; x_wconf 81' lang='lat' dir='ltr'>Deprendi</span> <span class='ocrx_word' id='word_1_79' title='bbox 370 1255 505 1310; x_wconf 88' lang='lat' dir='ltr'>miserum</span> <span class='ocrx_word' id='word_1_80' title='bbox 516 1257 576 1320; x_wconf 86' lang='lat' dir='ltr'>est;</span> <span class='ocrx_word' id='word_1_81' title='bbox 595 1252 680 1308; x_wconf 79' lang='lat' dir='ltr'>Fabio</span> <span class='ocrx_word' id='word_1_82' title='bbox 692 1254 738 1310; x_wconf 86' lang='lat' dir='ltr'>vel</span> <span class='ocrx_word' id='word_1_83' title='bbox 745 1253 841 1324; x_wconf 82' lang='lat' dir='ltr'>judioe</span> <span class='ocrx_word' id='word_1_84' title='bbox 852 1255 970 1312; x_wconf 66' lang='lat' dir='ltr'>vinctu</span> 
     </span>
    </p>
   </div>
   <div class='ocr_carea' id='block_1_3' title="bbox 647 1510 701 1566">
    <p class='ocr_par' dir='ltr' id='par_1_5' title="bbox 647 1510 701 1566">
     <span class='ocr_line' id='line_1_13' title="bbox 647 1510 701 1566; baseline 0.019 -1"><span class='ocrx_word' id='word_1_85' title='bbox 647 1510 701 1566; x_wconf 88' lang='lat' dir='ltr'>IIL</span> 
     </span>
    </p>
   </div>
   <div class='ocr_carea' id='block_1_4' title="bbox 219 1657 1151 3344">
    <p class='ocr_par' dir='ltr' id='par_1_6' title="bbox 219 1657 971 1888">
     <span class='ocr_line' id='line_1_14' title="bbox 219 1657 971 1727; baseline -0.001 -14"><span class='ocrx_word' id='word_1_86' title='bbox 219 1658 355 1713; x_wconf 76' lang='lat' dir='ltr'>Omns</span> <span class='ocrx_word' id='word_1_87' title='bbox 366 1657 420 1712; x_wconf 83' lang='lat' dir='ltr'>hoo</span> <span class='ocrx_word' id='word_1_88' title='bbox 430 1657 533 1712; x_wconf 84' lang='lat' dir='ltr'>vitium</span> <span class='ocrx_word' id='word_1_89' title='bbox 544 1660 589 1712; x_wconf 86' lang='lat' dir='ltr'>est</span> <span class='ocrx_word' id='word_1_90' title='bbox 601 1657 770 1727; x_wconf 80' lang='lat' dir='ltr'>cantoribus,</span> <span class='ocrx_word' id='word_1_91' title='bbox 782 1657 857 1713; x_wconf 88' lang='lat' dir='ltr'>inter</span> <span class='ocrx_word' id='word_1_92' title='bbox 867 1658 971 1712; x_wconf 77' lang='lat' dir='ltr'>amieos</span> 
     </span>
     <span class='ocr_line' id='line_1_15' title="bbox 219 1737 935 1808; baseline 0 -16"><span class='ocrx_word' id='word_1_93' title='bbox 219 1738 262 1793; x_wconf 88' lang='lat' dir='ltr'>Ut</span> <span class='ocrx_word' id='word_1_94' title='bbox 273 1755 418 1808; x_wconf 78' lang='lat' dir='ltr'>nunquam</span> <span class='ocrx_word' id='word_1_95' title='bbox 428 1737 564 1792; x_wconf 84' lang='lat' dir='ltr'>induoont</span> <span class='ocrx_word' id='word_1_96' title='bbox 574 1737 701 1792; x_wconf 78' lang='lat' dir='ltr'>animum</span> <span class='ocrx_word' id='word_1_97' title='bbox 713 1741 826 1794; x_wconf 77' lang='lat' dir='ltr'>eantare</span> <span class='ocrx_word' id='word_1_98' title='bbox 837 1739 935 1808; x_wconf 80' lang='lat' dir='ltr'>rogati,</span> 
     </span>
     <span class='ocr_line' id='line_1_16' title="bbox 220 1817 910 1888; baseline 0.003 -16"><span class='ocrx_word' id='word_1_99' title='bbox 220 1818 325 1888; x_wconf 89' lang='lat' dir='ltr'>Injussi</span> <span class='ocrx_word' id='word_1_100' title='bbox 337 1835 482 1888; x_wconf 78' lang='lat' dir='ltr'>nunquam</span> <span class='ocrx_word' id='word_1_101' title='bbox 492 1817 638 1874; x_wconf 87' lang='lat' dir='ltr'>desistent.</span> <span class='ocrx_word' id='word_1_102' title='bbox 673 1817 776 1874; x_wconf 80' lang='lat' dir='ltr'>Surdus</span> <span class='ocrx_word' id='word_1_103' title='bbox 788 1819 910 1874; x_wconf 75' lang='lat' dir='ltr'>habebat</span> 
     </span>
    </p>

    <p class='ocr_par' dir='ltr' id='par_1_7' title="bbox 221 1896 913 1971">
     <span class='ocr_line' id='line_1_17' title="bbox 221 1896 913 1971; baseline 0.001 -17"><span class='ocrx_word' id='word_1_104' title='bbox 221 1899 272 1955; x_wconf 90' lang='lat' dir='ltr'>Ille</span> <span class='ocrx_word' id='word_1_105' title='bbox 284 1898 418 1970; x_wconf 80' lang='lat' dir='ltr'>Tigellius</span> <span class='ocrx_word' id='word_1_106' title='bbox 429 1897 500 1953; x_wconf 87' lang='lat' dir='ltr'>hoe:</span> <span class='ocrx_word' id='word_1_107' title='bbox 518 1896 628 1969; x_wconf 83' lang='lat' dir='ltr'>Oeesar,</span> <span class='ocrx_word' id='word_1_108' title='bbox 641 1899 690 1971; x_wconf 87' lang='lat' dir='ltr'>qui</span> <span class='ocrx_word' id='word_1_109' title='bbox 702 1916 797 1969; x_wconf 86' lang='lat' dir='ltr'>eogere</span> <span class='ocrx_word' id='word_1_110' title='bbox 808 1902 913 1971; x_wconf 85' lang='lat' dir='ltr'>posset,</span> 
     </span>
    </p>

    <p class='ocr_par' dir='ltr' id='par_1_8' title="bbox 219 1979 955 2131">
     <span class='ocr_line' id='line_1_18' title="bbox 219 1979 955 2051; baseline 0 -16"><span class='ocrx_word' id='word_1_111' title='bbox 219 1980 250 2035; x_wconf 87' lang='lat' dir='ltr'>Si</span> <span class='ocrx_word' id='word_1_112' title='bbox 261 1983 371 2050; x_wconf 89' lang='lat' dir='ltr'>peteret</span> <span class='ocrx_word' id='word_1_113' title='bbox 381 1997 433 2050; x_wconf 88' lang='lat' dir='ltr'>per</span> <span class='ocrx_word' id='word_1_114' title='bbox 443 1979 596 2035; x_wconf 76' lang='lat' dir='ltr'>amicitiem</span> <span class='ocrx_word' id='word_1_115' title='bbox 608 1981 698 2051; x_wconf 84' lang='lat' dir='ltr'>putris</span> <span class='ocrx_word' id='word_1_116' title='bbox 710 1984 795 2050; x_wconf 81' lang='lat' dir='ltr'>atque</span> <span class='ocrx_word' id='word_1_117' title='bbox 806 1998 886 2035; x_wconf 84' lang='lat' dir='ltr'>suem</span> <span class='ocrx_word' id='word_1_118' title='bbox 897 1998 955 2035; x_wconf 89' lang='lat' dir='ltr'>non</span> 
     </span>
     <span class='ocr_line' id='line_1_19' title="bbox 220 2060 892 2131; baseline 0.003 -18"><span class='ocrx_word' id='word_1_119' title='bbox 220 2060 378 2131; x_wconf 79' lang='lat' dir='ltr'>Quidquam</span> <span class='ocrx_word' id='word_1_120' title='bbox 390 2060 555 2131; x_wconf 83' lang='lat' dir='ltr'>proficeret;</span> <span class='ocrx_word' id='word_1_121' title='bbox 572 2061 598 2115; x_wconf 89' lang='lat' dir='ltr'>si</span> <span class='ocrx_word' id='word_1_122' title='bbox 611 2060 780 2115; x_wconf 81' lang='lat' dir='ltr'>collibuisset</span> <span class='ocrx_word' id='word_1_123' title='bbox 792 2060 828 2115; x_wconf 84' lang='lat' dir='ltr'>eb</span> <span class='ocrx_word' id='word_1_124' title='bbox 840 2078 892 2116; x_wconf 90' lang='lat' dir='ltr'>ovo</span> 
     </span>
    </p>

    <p class='ocr_par' dir='ltr' id='par_1_9' title="bbox 219 2139 1012 2455">
     <span class='ocr_line' id='line_1_20' title="bbox 219 2139 969 2210; baseline 0.003 -15"><span class='ocrx_word' id='word_1_125' title='bbox 219 2139 318 2209; x_wconf 83' lang='lat' dir='ltr'>Usque</span> <span class='ocrx_word' id='word_1_126' title='bbox 329 2139 365 2194; x_wconf 85' lang='lat' dir='ltr'>od</span> <span class='ocrx_word' id='word_1_127' title='bbox 376 2140 448 2194; x_wconf 76' lang='lat' dir='ltr'>mulo</span> <span class='ocrx_word' id='word_1_128' title='bbox 460 2141 567 2210; x_wconf 72' lang='lat' dir='ltr'>citaret,</span> <span class='ocrx_word' id='word_1_129' title='bbox 580 2140 612 2195; x_wconf 95' lang='lat' dir='ltr'>Io</span> <span class='ocrx_word' id='word_1_130' title='bbox 624 2140 744 2196; x_wconf 79' lang='lat' dir='ltr'>Bocche!</span> <span class='ocrx_word' id='word_1_131' title='bbox 763 2142 846 2196; x_wconf 91' lang='lat' dir='ltr'>modo</span> <span class='ocrx_word' id='word_1_132' title='bbox 858 2159 969 2197; x_wconf 82' lang='lat' dir='ltr'>summe</span> 
     </span>
     <span class='ocr_line' id='line_1_21' title="bbox 220 2220 1012 2292; baseline 0.003 -17"><span class='ocrx_word' id='word_1_133' title='bbox 220 2220 305 2290; x_wconf 78' lang='lat' dir='ltr'>Voce,</span> <span class='ocrx_word' id='word_1_134' title='bbox 316 2220 399 2274; x_wconf 90' lang='lat' dir='ltr'>modo</span> <span class='ocrx_word' id='word_1_135' title='bbox 411 2220 463 2275; x_wconf 80' lang='lat' dir='ltr'>hoe</span> <span class='ocrx_word' id='word_1_136' title='bbox 473 2224 586 2275; x_wconf 82' lang='lat' dir='ltr'>resonet</span> <span class='ocrx_word' id='word_1_137' title='bbox 598 2238 669 2291; x_wconf 77' lang='lat' dir='ltr'>quse</span> <span class='ocrx_word' id='word_1_138' title='bbox 681 2221 792 2276; x_wconf 84' lang='lat' dir='ltr'>chordis</span> <span class='ocrx_word' id='word_1_139' title='bbox 803 2225 937 2292; x_wconf 80' lang='lat' dir='ltr'>quattuor</span> <span class='ocrx_word' id='word_1_140' title='bbox 948 2224 1012 2281; x_wconf 71' lang='lat' dir='ltr'>ime</span> 
     </span>
     <span class='ocr_line' id='line_1_22' title="bbox 221 2299 901 2375; baseline 0.006 -22"><span class='ocrx_word' id='word_1_141' title='bbox 221 2299 272 2354; x_wconf 88' lang='lat' dir='ltr'>Nil</span> <span class='ocrx_word' id='word_1_142' title='bbox 284 2301 398 2370; x_wconf 80' lang='lat' dir='ltr'>aequale</span> <span class='ocrx_word' id='word_1_143' title='bbox 408 2300 517 2355; x_wconf 89' lang='lat' dir='ltr'>homini</span> <span class='ocrx_word' id='word_1_144' title='bbox 528 2301 584 2355; x_wconf 80' lang='lat' dir='ltr'>fuit</span> <span class='ocrx_word' id='word_1_145' title='bbox 595 2301 650 2371; x_wconf 89' lang='lat' dir='ltr'>illi;</span> <span class='ocrx_word' id='word_1_146' title='bbox 668 2318 750 2373; x_wconf 87' lang='lat' dir='ltr'>seepe</span> <span class='ocrx_word' id='word_1_147' title='bbox 762 2304 840 2357; x_wconf 90' lang='lat' dir='ltr'>velut</span> <span class='ocrx_word' id='word_1_148' title='bbox 851 2304 901 2375; x_wconf 88' lang='lat' dir='ltr'>qui</span> 
     </span>
     <span class='ocr_line' id='line_1_23' title="bbox 222 2380 903 2455; baseline 0.003 -19"><span class='ocrx_word' id='word_1_149' title='bbox 222 2381 358 2436; x_wconf 73' lang='lat' dir='ltr'>Oumbu</span> <span class='ocrx_word' id='word_1_150' title='bbox 368 2380 477 2451; x_wconf 82' lang='lat' dir='ltr'>fugiens</span> <span class='ocrx_word' id='word_1_151' title='bbox 488 2381 610 2450; x_wconf 79' lang='lat' dir='ltr'>hostem,</span> <span class='ocrx_word' id='word_1_152' title='bbox 622 2399 753 2455; x_wconf 76' lang='lat' dir='ltr'>persaepe</span> <span class='ocrx_word' id='word_1_153' title='bbox 764 2383 843 2437; x_wconf 85' lang='lat' dir='ltr'>velut</span> <span class='ocrx_word' id='word_1_154' title='bbox 854 2384 903 2454; x_wconf 89' lang='lat' dir='ltr'>qui</span> 
     </span>
    </p>

    <p class='ocr_par' dir='ltr' id='par_1_10' title="bbox 220 2461 1151 2776">
     <span class='ocr_line' id='line_1_24' title="bbox 221 2461 930 2534; baseline 0 -17"><span class='ocrx_word' id='word_1_155' title='bbox 221 2461 239 2517; x_wconf 89' lang='lat' dir='ltr'><strong>J</strong></span> <span class='ocrx_word' id='word_1_156' title='bbox 240 2462 341 2516; x_wconf 90' lang='lat' dir='ltr'>unonis</span> <span class='ocrx_word' id='word_1_157' title='bbox 352 2479 429 2517; x_wconf 80' lang='lat' dir='ltr'>suoru</span> <span class='ocrx_word' id='word_1_158' title='bbox 440 2462 542 2531; x_wconf 81' lang='lat' dir='ltr'>ferret3</span> <span class='ocrx_word' id='word_1_159' title='bbox 560 2461 683 2517; x_wconf 84' lang='lat' dir='ltr'>hubebet</span> <span class='ocrx_word' id='word_1_160' title='bbox 694 2480 775 2534; x_wconf 83' lang='lat' dir='ltr'>ssepe</span> <span class='ocrx_word' id='word_1_161' title='bbox 787 2462 930 2532; x_wconf 82' lang='lat' dir='ltr'>ducentos,</span> 
     </span>
     <span class='ocr_line' id='line_1_25' title="bbox 220 2542 999 2615; baseline 0.004 -19"><span class='ocrx_word' id='word_1_162' title='bbox 220 2542 308 2613; x_wconf 76' lang='lat' dir='ltr'>Saepe</span> <span class='ocrx_word' id='word_1_163' title='bbox 319 2542 415 2597; x_wconf 82' lang='lat' dir='ltr'>decem</span> <span class='ocrx_word' id='word_1_164' title='bbox 426 2560 521 2597; x_wconf 89' lang='lat' dir='ltr'>servos</span> <span class='ocrx_word' id='word_1_165' title='bbox 531 2561 539 2607; x_wconf 88' lang='lat'>;</span> <span class='ocrx_word' id='word_1_166' title='bbox 556 2542 639 2597; x_wconf 88' lang='lat' dir='ltr'>modo</span> <span class='ocrx_word' id='word_1_167' title='bbox 651 2560 729 2613; x_wconf 85' lang='lat' dir='ltr'>reges</span> <span class='ocrx_word' id='word_1_168' title='bbox 740 2546 824 2613; x_wconf 82' lang='lat' dir='ltr'>etque</span> <span class='ocrx_word' id='word_1_169' title='bbox 835 2544 999 2615; x_wconf 75' lang='lat' dir='ltr'>tetrarches,</span> 
     </span>
     <span class='ocr_line' id='line_1_26' title="bbox 221 2622 1151 2699; baseline 0.003 -22"><span class='ocrx_word' id='word_1_170' title='bbox 221 2622 323 2678; x_wconf 82' lang='lat' dir='ltr'>Omnia</span> <span class='ocrx_word' id='word_1_171' title='bbox 334 2640 433 2693; x_wconf 79' lang='lat' dir='ltr'>magns</span> <span class='ocrx_word' id='word_1_172' title='bbox 443 2624 576 2693; x_wconf 82' lang='lat' dir='ltr'>loquens3</span> <span class='ocrx_word' id='word_1_173' title='bbox 594 2622 686 2692; x_wconf 90' lang='lat' dir='ltr'>modo,</span> <span class='ocrx_word' id='word_1_174' title='bbox 699 2623 767 2677; x_wconf 87' lang='lat' dir='ltr'>“Sit</span> <span class='ocrx_word' id='word_1_175' title='bbox 778 2624 850 2678; x_wconf 89' lang='lat' dir='ltr'>mihi</span> <span class='ocrx_word' id='word_1_176' title='bbox 860 2642 959 2680; x_wconf 80' lang='lat' dir='ltr'>mense</span> <span class='ocrx_word' id='word_1_177' title='bbox 969 2626 1061 2699; x_wconf 79' lang='lat' dir='ltr'>tripes</span> <span class='ocrx_word' id='word_1_178' title='bbox 1071 2630 1100 2681; x_wconf 88' lang='lat' dir='ltr'>et</span> <span class='ocrx_word' id='word_1_179' title='bbox 1150 2654 1151 2670; x_wconf 37' lang='grc' dir='ltr'><strong>κ</strong></span> 
     </span>
     <span class='ocr_line' id='line_1_27' title="bbox 223 2703 950 2776; baseline -0.004 -14"><span class='ocrx_word' id='word_1_180' title='bbox 223 2703 335 2763; x_wconf 76' lang='lat' dir='ltr'>Concha</span> <span class='ocrx_word' id='word_1_181' title='bbox 345 2704 412 2758; x_wconf 77' lang='lat' dir='ltr'>salis</span> <span class='ocrx_word' id='word_1_182' title='bbox 424 2703 489 2775; x_wconf 87' lang='lat' dir='ltr'>puri</span> <span class='ocrx_word' id='word_1_183' title='bbox 501 2705 531 2757; x_wconf 86' lang='lat' dir='ltr'>st</span> <span class='ocrx_word' id='word_1_184' title='bbox 541 2707 608 2774; x_wconf 79' lang='lat' dir='ltr'>toga</span> <span class='ocrx_word' id='word_1_185' title='bbox 619 2720 691 2775; x_wconf 82' lang='lat' dir='ltr'>queo</span> <span class='ocrx_word' id='word_1_186' title='bbox 703 2703 850 2759; x_wconf 83' lang='lat' dir='ltr'>defendere</span> <span class='ocrx_word' id='word_1_187' title='bbox 860 2704 950 2776; x_wconf 85' lang='lat' dir='ltr'>frigus</span> 
     </span>
    </p>

    <p class='ocr_par' dir='ltr' id='par_1_11' title="bbox 221 2784 982 2853">
     <span class='ocr_line' id='line_1_28' title="bbox 221 2784 982 2853; baseline 0.004 -14"><span class='ocrx_word' id='word_1_188' title='bbox 221 2784 358 2852; x_wconf 76' lang='lat' dir='ltr'>Quemvis</span> <span class='ocrx_word' id='word_1_189' title='bbox 369 2801 460 2839; x_wconf 80' lang='lat' dir='ltr'>erasse</span> <span class='ocrx_word' id='word_1_190' title='bbox 471 2785 578 2853; x_wconf 84' lang='lat' dir='ltr'>queat.”</span> <span class='ocrx_word' id='word_1_191' title='bbox 613 2784 715 2839; x_wconf 89' lang='lat' dir='ltr'>Deoiss</span> <span class='ocrx_word' id='word_1_192' title='bbox 727 2787 843 2839; x_wconf 80' lang='lat' dir='ltr'>sentens</span> <span class='ocrx_word' id='word_1_193' title='bbox 855 2784 982 2842; x_wconf 85' lang='lat' dir='ltr'>dedisses</span> 
     </span>
    </p>

    <p class='ocr_par' dir='ltr' id='par_1_12' title="bbox 221 2865 902 2937">
     <span class='ocr_line' id='line_1_29' title="bbox 221 2865 902 2937; baseline 0.001 -16"><span class='ocrx_word' id='word_1_194' title='bbox 221 2865 297 2921; x_wconf 89' lang='lat' dir='ltr'>Huio</span> <span class='ocrx_word' id='word_1_195' title='bbox 308 2882 392 2937; x_wconf 83' lang='lat' dir='ltr'>pereo</span> <span class='ocrx_word' id='word_1_196' title='bbox 402 2865 500 2936; x_wconf 78' lang='lat' dir='ltr'>paucis</span> <span class='ocrx_word' id='word_1_197' title='bbox 511 2868 652 2935; x_wconf 83' lang='lat' dir='ltr'>eontento,</span> <span class='ocrx_word' id='word_1_198' title='bbox 665 2867 790 2937; x_wconf 90' lang='lat' dir='ltr'>quinque</span> <span class='ocrx_word' id='word_1_199' title='bbox 802 2867 902 2923; x_wconf 86' lang='lat' dir='ltr'>diebus</span> 
     </span>
    </p>

    <p class='ocr_par' dir='ltr' id='par_1_13' title="bbox 222 2946 941 3021">
     <span class='ocr_line' id='line_1_30' title="bbox 222 2946 941 3021; baseline 0.004 -19"><span class='ocrx_word' id='word_1_200' title='bbox 222 2947 272 3002; x_wconf 89' lang='lat' dir='ltr'>Nil</span> <span class='ocrx_word' id='word_1_201' title='bbox 283 2951 343 3003; x_wconf 85' lang='lat' dir='ltr'>eret</span> <span class='ocrx_word' id='word_1_202' title='bbox 354 2948 385 3001; x_wconf 93' lang='lat' dir='ltr'>in</span> <span class='ocrx_word' id='word_1_203' title='bbox 396 2946 503 3002; x_wconf 81' lang='lat' dir='ltr'>loculis.</span> <span class='ocrx_word' id='word_1_204' title='bbox 537 2947 643 3003; x_wconf 78' lang='lat' dir='ltr'>Noctes</span> <span class='ocrx_word' id='word_1_205' title='bbox 653 2948 787 3019; x_wconf 75' lang='lat' dir='ltr'>vigilabat</span> <span class='ocrx_word' id='word_1_206' title='bbox 798 2949 834 3004; x_wconf 85' lang='lat' dir='ltr'>ad</span> <span class='ocrx_word' id='word_1_207' title='bbox 845 2950 941 3021; x_wconf 90' lang='lat' dir='ltr'>ipsum</span> 
     </span>
    </p>

    <p class='ocr_par' dir='ltr' id='par_1_14' title="bbox 222 3029 931 3102">
     <span class='ocr_line' id='line_1_31' title="bbox 222 3029 931 3102; baseline 0.006 -19"><span class='ocrx_word' id='word_1_208' title='bbox 222 3029 313 3098; x_wconf 80' lang='lat' dir='ltr'>Mene,</span> <span class='ocrx_word' id='word_1_209' title='bbox 325 3029 400 3084; x_wconf 89' lang='lat' dir='ltr'>diem</span> <span class='ocrx_word' id='word_1_210' title='bbox 410 3032 506 3083; x_wconf 89' lang='lat' dir='ltr'>totum</span> <span class='ocrx_word' id='word_1_211' title='bbox 517 3030 671 3097; x_wconf 84' lang='lat' dir='ltr'>stertsbst;</span> <span class='ocrx_word' id='word_1_212' title='bbox 688 3030 729 3084; x_wconf 91' lang='lat' dir='ltr'>nil</span> <span class='ocrx_word' id='word_1_213' title='bbox 740 3030 796 3085; x_wconf 88' lang='lat' dir='ltr'>fuit</span> <span class='ocrx_word' id='word_1_214' title='bbox 807 3049 931 3102; x_wconf 74' lang='lat' dir='ltr'>unquam</span> 
     </span>
    </p>

    <p class='ocr_par' dir='ltr' id='par_1_15' title="bbox 221 3110 1124 3344">
     <span class='ocr_line' id='line_1_32' title="bbox 221 3110 1038 3182; baseline 0.006 -19"><span class='ocrx_word' id='word_1_215' title='bbox 221 3110 268 3164; x_wconf 84' lang='lat' dir='ltr'>Sio</span> <span class='ocrx_word' id='word_1_216' title='bbox 278 3110 371 3181; x_wconf 80' lang='lat' dir='ltr'>imper</span> <span class='ocrx_word' id='word_1_217' title='bbox 381 3111 562 3166; x_wconf 81' lang='lat' dir='ltr'>sibi-Nune</span> <span class='ocrx_word' id='word_1_218' title='bbox 574 3112 675 3182; x_wconf 82' lang='lat' dir='ltr'>aliquis</span> <span class='ocrx_word' id='word_1_219' title='bbox 686 3112 763 3172; x_wconf 80' lang='lat' dir='ltr'>dicet</span> <span class='ocrx_word' id='word_1_220' title='bbox 774 3113 857 3167; x_wconf 91' lang='lat' dir='ltr'>mihi:</span> <span class='ocrx_word' id='word_1_221' title='bbox 877 3116 894 3145; x_wconf 87' lang='lat'><strong>“</strong></span> <span class='ocrx_word' id='word_1_222' title='bbox 901 3113 975 3181; x_wconf 87' lang='lat' dir='ltr'>Quid</span> <span class='ocrx_word' id='word_1_223' title='bbox 986 3114 1038 3169; x_wconf 86' lang='lat' dir='ltr'>tul</span> 
     </span>
     <span class='ocr_line' id='line_1_33' title="bbox 221 3188 1124 3251; baseline 0.006 -8"><span class='ocrx_word' id='word_1_224' title='bbox 221 3188 344 3243; x_wconf 76' lang='lat' dir='ltr'>Nullane</span> <span class='ocrx_word' id='word_1_225' title='bbox 354 3191 440 3245; x_wconf 81' lang='lat' dir='ltr'>hebes</span> <span class='ocrx_word' id='word_1_226' title='bbox 448 3192 555 3245; x_wconf 82' lang='lat' dir='ltr'>vitial”</span> <span class='ocrx_word' id='word_1_227' title='bbox 592 3192 683 3246; x_wconf 92' lang='lat' dir='ltr'>Immo</span> <span class='ocrx_word' id='word_1_228' title='bbox 695 3193 749 3247; x_wconf 80' lang='lat' dir='ltr'>elie</span> <span class='ocrx_word' id='word_1_229' title='bbox 760 3196 790 3247; x_wconf 89' lang='lat' dir='ltr'>et</span> <span class='ocrx_word' id='word_1_230' title='bbox 801 3194 920 3249; x_wconf 81' lang='lat' dir='ltr'>fortusse</span> <span class='ocrx_word' id='word_1_231' title='bbox 931 3194 1048 3251; x_wconf 86' lang='lat' dir='ltr'>minore.</span> <span class='ocrx_word' id='word_1_232' title='bbox 1092 3199 1124 3249; x_wconf 78' lang='lat'>20</span> 
     </span>
     <span class='ocr_line' id='line_1_34' title="bbox 221 3267 1055 3344; baseline 0.012 -24"><span class='ocrx_word' id='word_1_233' title='bbox 221 3267 348 3322; x_wconf 73' lang='lat' dir='ltr'>Maenius</span> <span class='ocrx_word' id='word_1_234' title='bbox 360 3269 506 3325; x_wconf 81' lang='lat' dir='ltr'>absentem</span> <span class='ocrx_word' id='word_1_235' title='bbox 517 3271 642 3325; x_wconf 85' lang='lat' dir='ltr'>Novium</span> <span class='ocrx_word' id='word_1_236' title='bbox 654 3288 719 3326; x_wconf 85' lang='lat' dir='ltr'>oum</span> <span class='ocrx_word' id='word_1_237' title='bbox 731 3277 866 3343; x_wconf 82' lang='lat' dir='ltr'>oarperst,</span> <span class='ocrx_word' id='word_1_238' title='bbox 879 3273 983 3329; x_wconf 86' lang='lat' dir='ltr'>“Heus</span> <span class='ocrx_word' id='word_1_239' title='bbox 994 3276 1055 3344; x_wconf 81' lang='lat' dir='ltr'>tu‚”</span> 
     </span>
    </p>
   </div>
   <div class='ocr_carea' id='block_1_5' title="bbox 217 3344 1017 3423">
    <p class='ocr_par' dir='ltr' id='par_1_16' title="bbox 217 3344 1017 3423">
     <span class='ocr_line' id='line_1_35' title="bbox 217 3344 1017 3423; baseline 0.018 -25"><span class='ocrx_word' id='word_1_240' title='bbox 217 3344 340 3413; x_wconf 77' lang='lat' dir='ltr'>Quidum</span> <span class='ocrx_word' id='word_1_241' title='bbox 351 3348 401 3418; x_wconf 83' lang='lat' dir='ltr'>eit,</span> <span class='ocrx_word' id='word_1_242' title='bbox 421 3353 439 3381; x_wconf 85' lang='lat'>“</span> <span class='ocrx_word' id='word_1_243' title='bbox 446 3350 560 3420; x_wconf 84' lang='lat' dir='ltr'>ignoras</span> <span class='ocrx_word' id='word_1_244' title='bbox 570 3354 609 3421; x_wconf 86' lang='lat' dir='ltr'>te,</span> <span class='ocrx_word' id='word_1_245' title='bbox 621 3368 658 3406; x_wconf 82' lang='lat' dir='ltr'>en</span> <span class='ocrx_word' id='word_1_246' title='bbox 669 3355 703 3407; x_wconf 89' lang='lat' dir='ltr'>ut</span> <span class='ocrx_word' id='word_1_247' title='bbox 714 3352 843 3423; x_wconf 81' lang='lat' dir='ltr'>ignotum</span> <span class='ocrx_word' id='word_1_248' title='bbox 856 3354 921 3411; x_wconf 82' lang='lat' dir='ltr'>dure</span> <span class='ocrx_word' id='word_1_249' title='bbox 933 3355 1017 3412; x_wconf 87' lang='lat' dir='ltr'>nobis</span> 
     </span>
    </p>
   </div>
   <div class='ocr_carea' id='block_1_6' title="bbox 0 0 1178 3850">
    <p class='ocr_par' dir='ltr' id='par_1_17' title="bbox 0 0 1178 3850">
     <span class='ocr_line' id='line_1_36' title="bbox 0 0 1178 3850; baseline 0 0"><span class='ocrx_word' id='word_1_250' title='bbox 0 0 1178 3850; x_wconf 95' lang='lat' dir='ltr'> </span> 
     </span>
    </p>
   </div>
  </div>
 </body>
</html>
