2342 3850
389 307 575 356 sirmiensi
588 307 621 358 ΙΙ.
633 309 654 358 t.
922 310 965 360 187

48 439 169 494 Picenis
182 437 289 492 eedunt
300 436 393 508 pomis
403 435 534 490 Tiburtis
545 453 647 502 suooo;
931 437 966 491 70

48 521 131 575 Nem
144 519 219 573 faeie
231 521 385 588 praestant.
421 517 568 572 Venuoun
579 515 710 572 eosvenit
722 515 802 581 ollis3

48 601 177 656 Rectius
190 599 330 654 Albsnsm
342 597 422 652 fumo
434 598 581 653 duraveris
593 615 685 653 uvem.

47 683 139 738 Hune
151 699 206 752 ego
219 698 284 735 eum
296 680 385 748 malis,
398 697 448 750 ego
459 680 564 735 iseoem
576 681 687 751 primus
699 683 729 735 et
740 679 818 749 elles,

47 764 172 817 Primus
185 765 217 816 et
228 761 356 815 invenior
366 761 448 831 piper
459 760 554 814 ulbum
566 777 631 814 oum
643 760 699 814 ssle
711 761 790 832 nigro

47 845 209 898 Ineretum
220 840 300 912 puris
312 840 546 910 circumposuisse
558 840 668 895 eetillis.

48 924 190 977 Immune
203 925 248 975 est
260 921 362 975 vitium
374 920 440 975 dere
452 921 541 975 millis
552 925 633 975 terne
644 921 760 976 msoello

48 1005 248 1074 Angustoquo
260 1018 344 1071 vegos
355 1002 447 1071 pisces
457 1019 556 1072 urgere
568 1003 669 1056 setino.

48 1086 161 1154 Magna
172 1085 272 1136 movet
283 1083 428 1137 stomacho
440 1082 561 1150 fastidis,
574 1100 625 1137 seu
637 1100 707 1154 puer
718 1083 813 1138 unctis

49 1164 208 1220 Traetevit
219 1163 332 1218 oslioem
343 1163 473 1218 menibus
485 1163 554 1217 dum
565 1163 641 1218 furts
652 1162 750 1233 ligurit
760 1183 768 1229 ;

49 1247 120 1301 Sive
133 1245 231 1315 gravis
242 1245 466 1298 veterioreterse
477 1244 562 1298 limus
574 1244 707 1298 sdhsesit.
929 1248 965 1300 80

50 1327 172 1381 Vilibus
184 1325 218 1378 in
229 1325 330 1396 soopis,
343 1325 373 1378 in
385 1325 504 1396 mappis,
516 1326 547 1378 in
558 1325 641 1380 soobe
654 1327 777 1394 quantus

50 1407 200 1462 Consistit
211 1405 362 1476 sumptus?
397 1405 540 1475 Negleetis
551 1405 690 1476 flagitium
702 1406 805 1475 iugens

49 1487 112 1542 Ten
126 1485 240 1557 lspides
251 1486 343 1540 varios
354 1485 494 1540 lutulento
505 1486 601 1540 radere
613 1486 706 1556 pshns

49 1570 89 1623 Et
102 1568 209 1638 Tyrius
220 1566 287 1621 dere
299 1566 405 1620 oiroum
416 1566 507 1620 inluta
517 1567 617 1622 torulis
627 1571 729 1636 vestes,

49 1650 189 1706 Oblitum
202 1651 308 1718 quanto
319 1663 415 1701 eurum
432 1649 635 1718 sumptumque
647 1648 783 1702 minorem

50 1731 134 1786 Haeo
146 1728 272 1791 habeant
283 1730 365 1782 tento
376 1727 542 1798 reprehendi
550 1728 656 1798 justius
667 1729 723 1782 illis

52 1812 135 1877 Quse
148 1809 207 1862 nisi
218 1808 356 1862 divitibus
367 1811 508 1878 nequeant
519 1808 678 1879 contingere
690 1809 795 1863 mensis
804 1808 833 1863 t”

50 1897 66 1923 “
73 1893 171 1947 Docte
184 1889 257 1959 Cati,
270 1907 321 1961 per
332 1889 485 1944 emioitium
496 1889 631 1959 divosque
643 1893 763 1961 rogetus,

51 1973 168 2035 Dueere
180 1988 227 2024 me
239 1970 368 2023 auditum
380 1987 477 2040 perges
488 1987 656 2039 quoeunque
667 1974 818 2025 memento.

50 2054 130 2107 Num
144 2050 274 2122 quamvis
286 2050 404 2104 memori
416 2050 519 2105 referes
529 2050 601 2104 mihi
613 2054 725 2121 pectore
738 2055 845 2119 ounots,
926 2056 963 2107 90

50 2134 120 2187 Non
132 2136 234 2187 tamen
246 2130 384 2201 interpres
396 2130 564 2185 tantundem
573 2132 690 2201 juveris.
724 2131 805 2187 Adde
924 2154 926 2161 ·

51 2216 182 2289 Vultum
196 2212 381 2281 habitumque
392 2212 524 2281 hominis,
536 2230 621 2283 quem
633 2218 668 2268 tu
678 2213 781 2268 vidisse
793 2214 893 2269 beatus

50 2294 119 2349 Non
134 2293 233 2361 msgni
246 2292 345 2363 pendis
357 2294 424 2364 quie
435 2294 570 2364 contigit3
589 2294 700 2349 etmihi
713 2311 780 2349 eure

50 2376 120 2430 Non
131 2372 284 2428 mediocris
295 2374 379 2442 inest,
392 2374 484 2429 fontes
495 2379 530 2429 ut
542 2375 618 2429 edire
631 2378 753 2429 remotos

51 2458 153 2528 Atque
164 2456 279 2510 haurire
291 2472 393 2525 queem
404 2456 480 2511 vitse
492 2458 640 2527 prseoepte
651 2454 769 2509 bsstse.”

495 2702 530 2757 V.

50 2872 66 2898 “
74 2868 145 2923 Hoc
157 2883 277 2937 quoque,
290 2866 404 2935 Tiresis,
417 2870 528 2938 prester
538 2870 650 2922 nerrsts
661 2867 770 2938 petenti

48 2946 213 3018 Responde,
226 2947 330 3016 quibus
341 2948 458 3002 emissos
470 2964 598 3018 reperere
611 2965 712 3018 queem
724 2964 769 3001 res

48 3028 176 3083 Artibus
189 3029 275 3096 utque
288 3027 388 3083 modis.
424 3028 499 3094 Quid
510 3028 585 3083 rides
597 3028 627 3083 Ρ
664 3030 681 3059 “
689 3028 707 3082 J
708 3044 789 3081 smne
802 3026 897 3081 doloso

47 3108 77 3163 N
78 3127 118 3163 on
129 3108 204 3163 sutis
216 3111 261 3161 est
273 3108 401 3163 Ithsesm
413 3108 508 3163 revehi
520 3109 683 3179 patriosque
695 3109 812 3178 penates

49 3189 212 3260 Adspicere
222 3188 255 3242 2²⁵
290 3189 340 3243 “0
353 3188 423 3242 nulli
436 3188 590 3259 quidquem
601 3189 729 3254 mentite,
742 3186 821 3241 vides
832 3192 866 3243 ut

48 3269 157 3325 Nudus
168 3269 308 3339 inopsque
319 3269 436 3323 domum
447 3269 568 3338 redeam,
580 3274 611 3324 te
623 3272 694 3335 vate,
706 3284 796 3337 neque
808 3267 864 3323 illie

49 3350 112 3404 Aut
124 3348 266 3420 apotheos
277 3349 371 3421 procis
382 3350 490 3404 intaeta
501 3354 545 3404 est
557 3352 608 3403 sut
620 3366 705 3419 pecus
716 3368 724 3413 ;
742 3349 821 3417 etqui
