2342 3850
225 324 270 373 14⁶
546 323 683 374 1101less
696 325 810 376 mccl

223 451 296 508 Cum
306 469 395 524 mnus
405 451 459 507 hoc
469 450 546 507 inter
556 451 631 507 vitae
643 456 771 510 versetur
781 454 832 509 ubi
843 454 915 511 acris

223 533 334 590 Invidia
345 538 429 605 atque
440 535 537 604 vigent
547 534 598 588 ubi
610 535 733 604 crimine,
745 553 797 607 pro
808 537 880 592 bene
891 554 960 592 suno

219 614 262 670 Ac
273 633 331 670 nou
342 616 457 670 incauto
469 616 569 670 fictum
579 619 764 687 astutumque
775 633 915 672 vocemus.

221 697 378 768 Simplicior
388 697 453 767 quis
465 700 496 752 ct
506 700 559 766 est,
571 697 683 767 qualem
694 713 741 752 me
752 715 835 768 saepe
846 699 968 753 libenter

222 777 380 832 Obtulerim
391 777 454 846 tibi,
465 777 619 846 Maecenas,
631 780 665 832 ut
676 777 749 832 forte
760 778 898 848 legentem

221 859 282 913 Aut
293 859 412 913 tacitirm
423 857 551 927 impellet
562 857 663 927 quovis
675 875 802 930 sermone
814 859 957 928 molestus,

222 938 372 994 Communi
383 955 468 993 sensu
478 939 561 1010 plane
573 942 657 1006 cerat,
668 939 820 1010 inquimus.
855 939 942 1008 Eheu,

221 1018 312 1086 Quam
322 1022 429 1074 temere
440 1019 471 1073 in
482 1021 594 1073 nosmet
605 1019 696 1088 legem
707 1021 847 1074 sancimus
857 1021 1001 1092 iniquam!

220 1099 295 1155 Nam
307 1100 386 1155 vitiis
397 1116 481 1154 nemo
492 1100 554 1154 sinc
565 1100 707 1166 nascitur3
726 1101 850 1170 optimus
863 1101 910 1156 illa
923 1105 968 1156 est

220 1180 276 1248 Qui
288 1181 415 1235 minimis
425 1183 549 1250 urgetur.
582 1180 701 1234 Amicus
713 1179 801 1235 dulcis
812 1184 846 1235 ut
858 1199 981 1253 aequum
992 1188 1039 1239 est

221 1261 294 1317 Cum
304 1279 368 1316 mea
379 1264 542 1332 compenset
553 1260 632 1316 vitiis
645 1260 730 1328 bona;
747 1261 876 1332 pluribus
888 1262 964 1318 hisce

222 1342 264 1413 (Si
274 1342 359 1398 modo
370 1342 451 1413 plura
462 1342 533 1397 mihi
544 1342 619 1396 bona
630 1343 709 1413 sunt)
722 1342 847 1412 inclinet,
859 1345 947 1399 amari

219 1423 251 1477 si
262 1423 351 1479 volet:
368 1424 421 1478 hac
432 1422 492 1493 lege
503 1423 535 1477 in
545 1423 656 1478 trutina
667 1426 789 1494 ponetur
801 1424 906 1478 eudem.

219 1504 275 1571 Qui
286 1523 322 1560 ne
333 1505 481 1560 tuberibus
492 1504 614 1576 propriis
627 1504 750 1560 offendet
761 1506 884 1560 amicum
928 1499 941 1526 ⁶

219 1584 348 1642 Postulat
359 1586 485 1656 ignoscet
496 1585 621 1640 verrucis
632 1585 725 1651 illius;
742 1603 862 1656 aequum
874 1589 919 1641 est

218 1666 343 1722 Peccatis
353 1667 464 1722 veniam
474 1670 637 1738 poscentem
649 1666 764 1722 reddere
776 1685 880 1723 rursus.

218 1747 354 1820 Denique,
365 1751 504 1818 quatenus
516 1747 606 1802 excidi
618 1747 733 1818 penitus
746 1747 849 1802 vitium
860 1748 917 1803 irae

218 1829 318 1883 Cetera
329 1829 398 1883 item
409 1831 554 1898 nequeunt
565 1827 663 1882 stultis
675 1828 825 1895 haerentis,
835 1846 884 1883 cur
896 1847 953 1884 non

217 1908 389 1965 Ponderibus
400 1908 577 1980 modulisque
589 1909 650 1964 suis
662 1908 734 1963 ratio
745 1909 846 1977 utitur,
859 1928 891 1965 oc
901 1929 947 1966 res

217 1991 261 2046 Ut
272 2009 397 2062 quaeque
408 1994 453 2045 est
464 1991 505 2050 ita
516 1990 663 2062 suppliciis
675 1990 777 2045 delicta
789 1994 916 2047 co'e'rcetl

217 2073 247 2128 Si
259 2074 323 2144 quis
335 2090 400 2127 enm
411 2090 524 2127 servum
535 2073 662 2143 patinam
671 2073 720 2143 qui
732 2072 830 2127 tollere
838 2074 935 2144 jussus

216 2157 344 2211 Semesos
355 2157 446 2227 pisces
454 2156 637 2227 tepidumque
649 2156 785 2227 ligurierit
794 2156 841 2226 jus

218 2238 255 2293 In
266 2254 347 2291 cruca
358 2236 477 2306 suffigat,
489 2236 618 2291 Labeone
629 2236 754 2291 insanior
766 2237 841 2291 inter
866 2292 869 2300 ,

217 2319 305 2374 Sanos
314 2318 430 2372 dicatur.
465 2316 578 2384 Quanto
590 2318 643 2372 hoc
656 2317 788 2372 furiosius
797 2320 882 2387 atque

216 2399 308 2469 Mujus
319 2400 466 2468 peccatum
477 2400 536 2451 est:
554 2398 670 2468 paulum
681 2397 801 2467 deliquit
813 2398 927 2465 amicus,

216 2479 364 2547 Quodnisi
376 2476 509 2533 concedes
520 2477 639 2532 habeare
651 2478 782 2546 insuavis,
794 2478 910 2533 acerbus

215 2560 308 2615 Odisti
320 2562 349 2615 et
360 2557 435 2629 fugis
446 2561 480 2612 ut
492 2557 635 2613 Rusonem
647 2559 758 2613 debitor
769 2559 848 2627 ueris,
958 2624 960 2628 ι

215 2639 271 2707 Qui
282 2639 338 2693 nisi
347 2655 410 2693 cum
421 2640 519 2693 tristes
530 2638 632 2693 misero
644 2656 744 2694 venere
756 2638 897 2693 Kalendae

214 2720 370 2775 Moremem
381 2722 431 2774 aut
442 2736 573 2773 nummos
585 2718 660 2773 unde
672 2719 745 2773 uude
758 2718 883 2791 extricat,
895 2735 1003 2775 umarus

214 2801 343 2856 Porrecto
353 2799 449 2871 jugulo
459 2798 592 2854 historias
605 2800 733 2870 captivus
744 2802 777 2854 ut
789 2800 876 2853 audit.

215 2884 388 2939 comminxit
398 2883 505 2937 lectum
516 2885 602 2953 potus
613 2899 743 2937 mensave
756 2882 883 2937 catillum

214 2964 337 3020 Evandri
348 2962 477 3018 munibus
488 2962 591 3017 tritum
602 2962 712 3032 dejecit,
725 2962 761 3016 ob
769 2962 841 3017 hunc
852 2979 913 3016 rem

213 3046 275 3101 Aut
286 3046 412 3117 positum
423 3046 490 3099 ante
501 3061 564 3098 mea
575 3044 642 3115 quia
652 3044 763 3115 pullum
775 3044 806 3097 in
817 3047 898 3114 perte
910 3045 996 3099 catini

214 3128 336 3182 Sustulit
348 3126 480 3190 esuriens,
493 3126 589 3180 minus
600 3126 653 3181 hoc
661 3124 803 3195 jucundus
815 3126 921 3181 amicus

213 3208 258 3262 Sit
269 3207 360 3261 mihil
396 3206 471 3273 Quid
480 3206 581 3259 faciam
590 3206 615 3260 si
623 3206 730 3261 furtum
742 3207 848 3275 iecerit,
858 3210 911 3261 aut
922 3206 949 3261 si

212 3286 368 3339 Prodiderit
378 3286 528 3340 commissa
536 3286 593 3339 fide
605 3304 774 3355 sponsumve
786 3288 915 3357 negarit?

212 3365 285 3432 Quis
296 3366 375 3436 peria
386 3383 447 3420 esse
458 3366 518 3421 fere
529 3366 636 3437 placuit
648 3371 761 3438 peccata
772 3369 900 3425 laborant

1103 461 1138 514 60
