2342 3850
527 301 665 356 nonlrn
679 307 794 357 ranem

328 433 399 505 Ejus
410 434 460 505 qui
471 430 580 489 domita
591 451 695 490 nomen
706 435 742 490 ab
754 435 853 492 Africa

329 516 466 570 Lucratus
477 516 563 571 rediit
575 517 678 572 clarius
689 517 816 572 indicant

328 600 443 668 laudes,
455 618 541 671 quam
552 599 686 656 Calabrae
698 601 835 656 Pierides:
853 617 945 674 neque

328 680 358 734 Si
370 681 482 736 chartae
494 681 596 736 sileant
608 682 685 752 quod
695 681 768 736 bene
780 682 878 737 feceris

327 761 485 816 Mercedem
496 761 605 816 tuleris.
642 761 718 829 erid
729 761 803 816 foret
815 763 883 817 Iliae

327 841 520 912 Mavortisque
532 859 603 913 puer
615 843 640 896 si
651 843 835 897 taciturnitas

328 922 461 977 Obstaret
472 924 585 977 meritis
597 923 693 978 invida
704 921 836 977 Romuli?

327 1003 466 1074 Ereptum
478 1004 586 1074 Stygiis
598 1003 732 1058 fluctibus
743 1005 868 1058 Aeacum

327 1083 428 1138 Virtus
439 1087 470 1138 et
481 1083 560 1138 favor
571 1088 601 1140 et
613 1083 709 1154 lingue
720 1084 881 1154 potentium
930 1153 933 1160 Ι

327 1164 435 1218 Vatum
447 1163 585 1219 divitibus
598 1167 741 1220 consecrat
753 1164 861 1218 insulis.

326 1245 452 1315 Dignum
463 1245 546 1300 laude
557 1246 652 1317 virum
663 1245 746 1300 Musa
757 1249 837 1300 vetat
848 1244 933 1300 mori:

326 1324 410 1379 Caelo
421 1325 505 1380 Musa
515 1325 590 1382 beat.
627 1326 674 1381 Sic
685 1326 704 1380 J
705 1325 767 1382 ovis
778 1327 898 1381 interest

328 1404 442 1475 Optatis
454 1405 545 1475 epulis
557 1405 678 1476 impiger
688 1404 840 1471 Hercules3

326 1485 441 1540 Clarum
452 1485 630 1557 Tyndaridae
641 1487 721 1541 sidus
734 1487 770 1542 ab
782 1487 889 1545 infimis

325 1567 447 1632 Quassas
459 1567 585 1637 eripiunt
597 1567 766 1637 aequoribus
777 1570 866 1633 rates;

325 1646 449 1701 Ornatus
460 1646 545 1701 viridi
557 1650 687 1717 tempora
697 1647 832 1719 pampino

326 1726 410 1782 Liber
421 1731 488 1783 vote
499 1727 590 1782 bonos
603 1728 682 1784 ducit
694 1728 731 1784 ed
742 1729 844 1782 exitus.

647 1977 697 2033 IX.

360 2124 407 2178 Nn
418 2124 491 2180 forte
504 2124 603 2179 credas
614 2123 768 2180 interitura
779 2142 850 2195 quae

362 2205 455 2276 Longe
467 2208 615 2260 sonantem
627 2210 712 2261 natus
724 2207 760 2261 ad
771 2207 907 2261 Aufidum

398 2285 464 2341 Non
475 2289 542 2340 ante
554 2286 684 2357 vulgatas
695 2304 745 2357 per
757 2290 833 2341 artes

431 2366 527 2421 Verba
537 2366 639 2437 loquor
650 2367 782 2422 socianda
793 2368 932 2425 chordiet'

360 2446 428 2501 Non
440 2447 465 2501 si
476 2448 586 2517 priores
597 2448 744 2503 Maeonius
756 2452 836 2503 tenet

361 2527 447 2581 Sedes
459 2526 603 2582 Homerus
614 2528 776 2584 Pindaricae
787 2530 878 2584 latent

394 2607 521 2677 Ceaeque
533 2611 564 2663 et
575 2608 670 2664 Alcaei
681 2609 805 2663 minaces

431 2688 643 2759 Stesichorique
654 2706 752 2760 graves
765 2689 914 2745 Camenae:

358 2768 419 2823 Nec
430 2769 456 2822 si
468 2768 538 2838 quid
549 2769 618 2824 olim
629 2768 700 2823 lusit
711 2769 858 2825 Anacreon

359 2849 474 2903 Delevit
485 2852 579 2915 aetae3
596 2848 686 2919 spirat
697 2849 789 2905 adhuc
801 2867 880 2906 amor

395 2929 562 3000 Vivrmtque
574 2930 719 2984 commissi
731 2930 836 2985 calores

431 3009 545 3065 Aeoliae
556 3009 661 3065 fidibus
672 3010 787 3083 puellae.

357 3092 423 3145 Non
437 3090 496 3145 sola
507 3093 639 3161 comptos
653 3092 724 3146 arsit
736 3092 857 3147 adulteri

359 3170 464 3238 Orines,
476 3174 506 3224 et
517 3188 618 3225 aurum
629 3172 758 3227 vestibus
769 3172 875 3228 illitum

393 3251 495 3304 Mirata
506 3250 665 3320 regalesque
678 3252 772 3307 cultus

429 3330 467 3383 Et
479 3331 597 3384 comites
609 3330 715 3387 Helene
728 3332 860 3401 Lacaena,
