2342 3850
200 301 244 350 140
518 292 655 343 nouem
668 291 781 342 mcor

200 433 218 461 “
225 429 301 497 Quid
311 425 352 483 mi
363 425 450 498 igitur
460 424 578 480 suades?
595 426 631 478 ut
641 422 736 478 vivam
747 419 889 476 Meeniusl
906 424 956 476 aut
968 420 1009 476 sie

201 509 245 565 Ut
255 510 450 564 Nomentanus
459 505 488 560 l”
523 505 618 575 Pergis
630 504 783 576 pugnantia
794 519 889 558 seeum

201 588 354 644 Frontibus
364 586 488 640 adversis
500 601 682 656 oomponere:
699 601 757 638 non
768 601 818 655 ego
829 600 944 638 avarum
1038 649 1044 662 Ι

202 670 297 738 Quum
308 671 374 723 veto
384 671 414 720 te
425 667 486 721 fieri
497 683 617 737 vappam
625 665 710 736 jubeo
721 681 754 720 eo
764 664 939 720 nebulonem.

201 749 256 804 Est
265 749 342 804 inter
351 748 455 803 Tanain
467 746 600 817 quiddam
611 763 792 816 sonorumque
802 743 908 801 Viselli

201 831 256 886 Est
266 830 367 885 modus
377 829 408 883 in
419 828 512 897 rebus,
524 831 592 882 sunt
603 828 672 882 oerti
684 827 802 898 denique
814 827 893 895 fines,

203 913 280 980 Quos
291 911 367 965 ultra
377 910 502 979 citraque
512 909 613 979 nequit
624 908 775 963 consistere
785 911 900 962 rentum.

203 992 274 1047 Illuc
285 990 359 1046 unde
370 990 427 1045 abii
438 989 529 1058 redeo,
540 1006 624 1044 nemo
634 992 668 1043 ut
679 1004 779 1043 avarus

201 1073 237 1128 Se
249 1071 349 1144 probet
360 1089 393 1126 ee
404 1071 500 1142 potius
510 1069 607 1124 laudet
617 1069 726 1126 diversa
737 1071 894 1139 sequentes,

202 1152 338 1223 Quodque
348 1152 438 1207 aliena
449 1151 553 1221 capella
563 1154 642 1220 gerat
652 1150 804 1204 distentius
815 1149 885 1204 uber
1059 1149 1114 1202 110

201 1233 344 1302 Tabeeoet,
356 1248 446 1302 neque
458 1249 488 1285 se
499 1231 599 1302 majori
610 1231 807 1303 pauperiorum

201 1315 311 1369 ‘l'rrrbae
322 1315 472 1384 eomparet,
483 1312 559 1366 huno
570 1315 655 1383 atque
666 1312 742 1366 huno
753 1327 884 1382 superare
894 1309 1010 1364 laboret

202 1394 248 1448 Sio
259 1393 405 1449 festinanti
417 1410 527 1463 semper
537 1392 704 1463 locupletior
715 1391 818 1460 obstat,

202 1476 253 1545 Ut,
265 1492 352 1546 quum
363 1474 518 1529 oaroeribus
529 1474 631 1528 missos
642 1473 717 1545 rapit
728 1472 831 1543 ungula
843 1487 948 1538 currus,

203 1557 297 1611 Instat
308 1556 388 1626 equis
399 1554 493 1625 auriga
504 1571 571 1608 suos
582 1555 769 1623 vincentibus,
781 1553 862 1608 illum

202 1637 388 1690 Praeteritum
399 1639 529 1690 temnens
541 1639 682 1689 extremos
694 1635 769 1689 inter
781 1635 902 1688 euntem

203 1718 272 1773 Inde
283 1719 318 1772 fit
328 1721 362 1773 ut
373 1733 434 1772 raro
446 1717 495 1786 qui
506 1733 536 1772 se
548 1716 651 1771 vixisse
663 1717 777 1770 beatum

202 1799 294 1868 Dicat,
306 1802 335 1854 et
350 1802 446 1853 exarto
458 1800 610 1852 eontentus
621 1800 748 1869 tempore
759 1797 820 1851 vita

203 1880 290 1935 Oedat
301 1880 345 1934 uti
357 1879 472 1935 eonvive
483 1880 569 1948 satur,
581 1879 702 1950 reperire
713 1893 854 1949 queamus

202 1960 267 2015 Jam
278 1960 409 2015 satisest
444 1959 489 2014 Ne
504 1977 551 2014 me
563 1959 686 2031 Crispini
697 1959 798 2013 serinia
809 1957 880 2029 lippi
1061 1960 1115 2012 120

203 2040 374 2111 Gompllasee
384 2044 477 2111 putes,
488 2041 606 2095 verbum
617 2058 675 2095 non
686 2040 807 2111 amplius
818 2038 925 2093 addam.

639 2271 679 2327 11.

203 2385 428 2441 mussulam!
439 2386 560 2457 collegia,
571 2384 810 2457 pharmacopolae,

203 2465 332 2535 Mendici,
343 2466 454 2535 mimae,
465 2467 634 2537 balatrones,
646 2465 700 2521 boe
711 2483 799 2536 genus
811 2480 893 2521 omne

203 2546 343 2601 Maestum
354 2565 387 2603 ae
398 2547 550 2602 sollicitum
561 2550 606 2601 est
618 2548 740 2602 centoris
751 2550 841 2601 morte
853 2544 957 2617 Tigelli

204 2628 315 2699 Quippe
325 2628 462 2699 benignus
474 2630 541 2683 erat.
576 2626 682 2682 Contra
692 2628 748 2697 hio,
760 2645 796 2682 ne
807 2626 939 2699 prodigus
952 2642 1013 2682 esse

203 2710 320 2764 Dieatur
330 2713 468 2779 metuens,
480 2708 559 2781 inopi
570 2708 636 2764 dere
648 2710 721 2765 nolit
732 2708 821 2764 amico

204 2790 302 2863 Frigus
314 2808 370 2862 quo
381 2792 536 2861 duramque
545 2791 651 2845 famem
662 2790 814 2863 propellere
826 2789 923 2861 possit
949 2778 951 2790 '

204 2874 289 2928 Hune
300 2873 325 2927 si
336 2872 508 2944 peroonterie
518 2871 564 2926 evi
575 2889 626 2926 our
637 2875 722 2943 atqua
733 2870 857 2943 parentis

204 2954 376 3009 Praeclaram
386 2954 495 3022 ingmta
506 2953 628 3023 stringat
639 2952 728 3007 melus
740 2951 862 3023 ingluvie
873 2966 942 3019 rom,

204 3033 305 3088 Omnia
316 3033 460 3088 eonduetis
471 3036 601 3087 oobmens
613 3032 727 3087 obsonia
738 3032 871 3100 nummis,

205 3113 338 3167 Sordidus
349 3111 620 3184 atqueanimiquod
631 3112 711 3183 parvi
722 3112 794 3167 nolit
805 3110 910 3179 heberi,
1080 3113 1117 3163 10

206 3190 372 3263 Respondet
408 3192 550 3247 laudetur
561 3193 597 3247 ab
608 3192 661 3262 his,
674 3193 803 3264 culpatur
814 3190 849 3247 ab
860 3192 924 3246 illis

205 3270 332 3324 Fufidius
344 3289 449 3341 vappae
460 3272 565 3327 famam
576 3272 660 3325 timet
671 3290 703 3327 ao
714 3271 870 3340 nebulonis,

205 3350 291 3403 Dives
302 3350 383 3419 agris,
394 3352 474 3407 dives
485 3353 587 3423 positis
598 3351 629 3405 in
639 3351 734 3406 fenore
745 3352 887 3407 nummis:
