2342 3850
197 273 242 320 222
517 268 653 318 nouam
666 267 778 316 mcor

197 398 288 468 Major
298 401 395 453 utrum
406 397 542 468 populum
553 395 690 451 frumenti
702 395 783 468 copia
793 398 890 466 pascat
900 413 908 460 ς

198 479 371 535 collectosne
383 480 483 534 bibant
494 479 599 534 imbres
611 482 748 548 puteosne
759 494 895 548 perennes

197 560 217 615 J
218 561 280 630 ugis
291 578 379 632 aquae
389 580 397 626 ;
409 562 484 631 (nam
496 561 562 615 vina
572 560 645 614 nihil
657 577 750 614 moror
761 558 836 613 illius
848 575 910 613 orae
920 577 928 624 3

199 640 274 696 Rure
285 659 348 696 meo
360 659 475 713 possum
488 641 600 711 quidvis
612 641 733 711 perferre
744 639 866 710 patique,

200 721 247 777 Ad
258 739 334 776 mare
346 739 411 776 cum
422 722 486 776 veni
497 738 663 792 generosum
675 724 705 776 et
716 721 778 774 lene
790 719 908 789 requiro,

200 802 282 870 Quod
293 820 373 857 curas
384 803 484 872 abigat,
496 803 649 872 quodcum
661 819 710 872 spe
721 800 809 854 divite
821 802 917 854 manet
1022 823 1026 830 ·

202 885 237 938 In
248 900 333 938 venas
344 884 525 953 animumque
536 900 640 951 meum,
652 882 727 952 quod
738 881 823 936 verba
834 881 987 948 ministret,
1074 885 1109 935 20

201 964 284 1033 Quod
295 983 341 1020 me
352 965 477 1020 Lucanae
485 966 619 1035 juvenem
631 963 806 1018 commendet
818 963 939 1032 amicae.)

201 1045 320 1100 'lhactus
330 1049 395 1100 uter
406 1047 500 1116 plures
512 1045 626 1116 lepores,
638 1048 703 1099 uter
714 1044 814 1098 educet
825 1060 917 1114 apros,

201 1127 275 1182 Utra
285 1128 374 1197 magis
385 1128 476 1197 pisces
488 1131 518 1182 et
529 1127 643 1181 echinos
655 1143 774 1196 aequora
786 1125 884 1193 celent,

202 1207 317 1278 Pinguis
327 1211 361 1262 ut
373 1207 437 1262 inde
449 1207 564 1262 domum
576 1208 683 1278 possim
695 1206 858 1276 Phaeaxque
869 1205 981 1273 reverti,

201 1288 327 1343 Scribere
339 1292 369 1343 te
380 1289 470 1358 nobis,
482 1289 537 1343 tibi
548 1306 600 1342 nos
612 1288 756 1342 accredere
768 1304 819 1357 par
830 1289 881 1340 est

201 1369 335 1438 Maenius,
346 1373 380 1424 ut
391 1370 475 1424 rebus
486 1370 621 1424 maternis
631 1372 716 1439 atque
727 1367 851 1439 paternis

201 1448 326 1505 Fortiter
337 1451 494 1522 absumptis
505 1450 629 1505 urbanus
641 1449 734 1520 coepit
746 1448 850 1517 haberi,

201 1533 302 1588 Scurra
312 1550 398 1603 vagus
410 1550 467 1587 non
478 1532 527 1601 qui
539 1535 648 1586 certum
659 1547 790 1600 praesepe
801 1533 919 1598 teneret,

202 1613 366 1684 Impransus
377 1629 435 1666 non
446 1613 495 1682 qui
507 1611 597 1667 civem
609 1612 765 1665 dinosceret
776 1611 865 1679 hoste,

202 1694 350 1759 Quaelibet
361 1693 391 1747 in
403 1693 531 1763 quemvis
542 1691 692 1762 opprobria
703 1693 805 1760 fingere
817 1707 922 1758 saevus,
1074 1695 1106 1744 30

202 1775 340 1831 Pernicies
352 1780 381 1830 et
392 1779 548 1846 tempestae
558 1776 778 1845 barathrumque
790 1774 905 1842 macelli,

201 1856 345 1928 Quidquid
357 1857 513 1929 quaesierat
524 1856 618 1911 ventri
629 1855 750 1910 donabat
762 1872 850 1911 avaro.

201 1940 257 1995 Hic
267 1942 317 1996 ubi
330 1942 469 2013 nequitiae
481 1940 638 1995 fautoribus
650 1944 679 1994 et
691 1940 800 1995 timidis
811 1941 852 1995 nil

200 2022 262 2076 Aut
272 2023 386 2093 paulum
398 2022 552 2076 abstulerat
563 2022 674 2091 patinas
686 2020 820 2074 coenabat
832 2020 920 2075 omasi

200 2101 273 2156 Vilis
285 2105 314 2156 et
325 2103 448 2173 agninae,
460 2102 553 2156 tribus
564 2102 639 2155 ursis
648 2100 724 2171 quod
736 2101 806 2155 satis
818 2104 910 2166 esset;

200 2183 312 2236 Scilicet
324 2186 358 2237 ut
369 2186 482 2237 ventres
493 2183 587 2236 lamna
598 2181 734 2236 candente
745 2185 881 2251 nepotum

200 2262 311 2317 Diceret
322 2264 451 2333 urendos,
463 2267 602 2319 corrector
613 2262 734 2317 Bestius.
769 2262 849 2317 Idem

200 2345 344 2416 Quidquid
356 2350 415 2400 erat
426 2350 525 2401 nactus
536 2346 654 2417 praedae
664 2345 778 2415 majoris
789 2346 840 2400 ubi
852 2362 934 2400 omne

201 2426 332 2481 Verterat
343 2428 374 2481 in
384 2428 495 2482 fumum
507 2428 679 2495 etcinerem,
692 2430 701 2457 ⁴
707 2426 736 2480 N
737 2444 773 2480 on
784 2426 897 2481 hercule
909 2426 1011 2493 miror,’

199 2506 311 2577 Aiebat,
325 2509 362 2562 ‘si
374 2509 423 2578 qui
436 2508 587 2563 comedunt
598 2508 678 2575 bona,
691 2525 755 2562 cum
767 2507 807 2561 sit
819 2507 902 2561 obeso
1068 2510 1101 2559 40

199 2588 248 2642 Nil
260 2590 360 2644 melius
371 2590 462 2656 turdo,
476 2590 516 2643 nil
527 2590 612 2644 vulva
622 2589 766 2659 pulchrius
778 2588 883 2659 ampla'

200 2669 343 2724 Nimirum
354 2671 401 2725 hic
412 2687 461 2741 ego
473 2687 536 2724 sum
548 2690 555 2736 ;
572 2686 638 2724 nam
649 2672 715 2724 tuta
726 2673 756 2723 et
767 2670 882 2739 parmla
893 2668 975 2723 laudo

201 2751 273 2805 (lum
284 2769 329 2806 res
340 2751 480 2818 deficiunt,
492 2751 562 2805 satis
572 2751 649 2804 inter
659 2750 725 2804 vilia
736 2750 834 2818 fortis;

201 2832 308 2887 Verum
317 2831 367 2887 ubi
379 2831 447 2902 quid
457 2832 557 2885 melius
568 2831 707 2899 contingit
718 2834 749 2884 et
760 2831 873 2885 unctius
884 2828 959 2883 idem

201 2913 260 2969 Vos
272 2931 368 2985 sapere
380 2916 409 2967 et
421 2912 494 2966 solos
505 2913 549 2966 aio
561 2912 632 2966 bene
644 2912 745 2979 vivere,
758 2928 877 2981 quorum

202 2992 379 3065 Conspicitur
389 2993 488 3048 nitidis
499 2992 617 3047 fundata
628 2993 747 3063 pecunia
758 2992 846 3047 villis·
