2342 3850
230 306 274 352 122

537 302 672 350 HORATII
686 303 798 351 FLAGCI

370 430 412 487 Ut
424 446 472 484 ora
483 432 576 484 vertat
587 430 643 484 huc
655 432 685 484 ct
696 430 752 484 huc
764 430 892 486 euntium

404 509 558 564 Libcrrima
568 509 739 580 indignatio?

372 591 473 646 Sectus
483 590 600 660 flagellis
611 591 658 644 hic
669 591 892 646 triumviralibus

404 672 552 726 Praeconis
563 671 600 725 ad
610 670 757 725 fastidium

369 753 441 808 ama
452 751 562 806 Falerni
573 751 652 806 mille
663 751 745 806 fundi
753 752 852 822 jugera

408 834 447 888 Et
458 834 581 904 Appiam
593 833 704 887 mannis
716 833 792 901 terit,

370 913 563 984 Sedilibusque
575 929 693 982 magnus
704 913 734 966 in
745 914 845 983 primis
857 930 943 984 eques

404 994 516 1050 Othone
528 997 691 1064 contempto
704 993 797 1048 sedet!

370 1074 445 1144 Quid
455 1075 559 1128 attinet
570 1077 616 1128 tot
628 1091 675 1128 ora
687 1074 802 1129 navium
813 1075 889 1144 gravi

405 1154 536 1209 Rostrata
548 1154 612 1208 duci
625 1154 748 1225 pondere

371 1235 476 1291 Contra
486 1236 609 1290 latrones
620 1238 705 1305 atque
717 1235 847 1289 servilem
858 1252 975 1290 manum

405 1319 476 1388 Hoc,
488 1319 542 1373 hoc
552 1319 668 1374 tribuno
679 1319 823 1374 militum?

665 1655 699 1709 V.

336 1823 354 1851 ‘⁴
363 1820 414 1888 An,
427 1836 443 1873 ο
455 1819 570 1873 deorum
582 1818 720 1890 quidquid
731 1819 762 1873 in
773 1820 848 1874 caelo
859 1819 931 1890 regit

369 1900 469 1956 Terras
481 1904 510 1956 et
521 1900 678 1956 humanum
689 1918 783 1972 genus,

337 1982 411 2049 Quid
422 1983 476 2036 iate
487 1982 543 2037 fert
555 1982 716 2037 tumultuet
733 1986 783 2036 aut
795 1981 864 2053 quid
875 1982 1001 2037 omnium

372 2063 479 2118 Vultus
490 2064 521 2117 in
532 2081 623 2118 unum
635 2081 681 2117 me
693 2063 807 2118 truces?

337 2144 390 2197 Per
400 2144 504 2197 liberos
516 2146 554 2213 te,
568 2146 593 2198 si
605 2146 704 2199 vocata
715 2144 854 2214 partubus

372 2225 478 2281 Lucina
488 2226 564 2280 veris
576 2226 666 2294 affuit,

337 2307 390 2361 Per
401 2305 454 2360 hoc
465 2306 547 2360 inane
559 2323 699 2377 purpurae
712 2304 796 2360 decus
807 2322 911 2375 precor,

374 2386 428 2439 Per
438 2386 666 2456 improbaturum
678 2385 747 2440 haec
759 2385 778 2440 J
780 2403 870 2453 ovem,

339 2466 414 2534 Quid
425 2469 459 2520 ut
471 2483 588 2520 noverca
600 2483 645 2519 me
658 2466 778 2520 intueris
790 2468 840 2520 aut
851 2466 897 2518 uti

373 2548 466 2602 Petita
477 2548 550 2604 ferro
561 2547 689 2602 bclluai”

339 2629 383 2683 Ut
393 2629 462 2683 haec
472 2630 607 2683 trementi
619 2632 737 2698 questus
749 2645 796 2682 ore
807 2628 937 2683 constitit

374 2709 536 2778 Insignibus
547 2710 637 2780 raptis
649 2726 726 2779 puer,

340 2790 463 2860 Impube
474 2805 575 2861 corpus
587 2790 668 2859 quale
680 2791 776 2860 posset
787 2788 875 2859 impia

375 2869 483 2924 Mollire
495 2870 636 2924 Thracum
647 2874 769 2940 pectora,
805 2926 807 2930 ,

340 2949 455 3005 Canidia
465 2949 599 3005 brevibus
610 2950 753 3021 implicata
765 2950 869 3020 viperis

376 3030 473 3086 Orines
485 3033 514 3084 et
525 3031 701 3101 incomptum
714 3034 798 3101 caput

339 3111 428 3166 Jubet
438 3111 573 3181 sepulcris
585 3111 726 3182 caprificos
739 3114 841 3179 erutas,

374 3190 464 3245 Jubet
475 3208 623 3261 cupressus
634 3191 773 3259 funebres,

338 3270 377 3322 Et
386 3274 473 3324 uncta
483 3272 575 3341 tmpis
587 3288 639 3325 ova
650 3289 730 3325 ranae
742 3272 885 3341 sanguine,

374 3348 558 3422 Plumamque
568 3353 721 3406 nocturnae
733 3352 838 3421 strigis,
