2342 3850
391 337 576 387 almam
590 339 611 388 Ι.
625 341 648 388 2.

53 471 158 538 anaa
169 470 219 525 hic
230 469 315 540 capiti
326 468 467 524 meroedoa
478 473 590 524 oxaooat
600 471 686 540 atque

53 553 164 620 Quanto
176 551 312 624 perditior
323 551 441 621 quiaque
452 553 498 605 eat
508 553 589 606 tanto
601 551 692 606 acrius
703 555 785 623 urget
795 573 803 620 ;

54 634 177 690 Nomina
189 637 315 688 sectatur
326 631 410 687 modo
421 635 536 704 sumpta
546 636 625 688 veate
637 633 712 690 virili

53 716 107 770 Sub
119 715 253 786 patribus
264 713 342 768 duria
353 713 485 768 tironum
519 713 649 782 Maxime,
661 715 725 784 quia
737 733 802 786 non,

53 796 199 867 luppiter!
219 794 356 849 exclamat
366 793 451 848 simul
463 798 548 864 atque
559 793 689 851 audivitl
724 796 765 851 At
776 797 806 852 in
818 815 848 854 ae

53 876 101 931 Pro
112 878 237 946 quaestu
248 878 394 945 sumptum
405 873 473 929 iacit
484 874 537 930 hic
572 874 629 930 Vix
641 874 751 930 credero
763 879 856 948 poesia

54 957 143 1024 Quam
153 956 213 1011 eibi
223 973 281 1010 non
291 955 332 1010 ait
343 955 458 1024 amicus,
470 955 512 1010 ita
522 959 557 1010 ut
567 960 649 1026 pater
659 957 706 1012 ille
717 957 830 1016 Terenti
925 964 961 1016 20

56 1037 159 1092 Fabula
171 1054 258 1108 quem
269 1037 405 1091 miserum
415 1040 501 1107 gnato
511 1037 615 1092 vixisse
627 1037 721 1108 fugato

55 1117 168 1173 Inducit
179 1135 239 1172 non
250 1135 280 1172 aa
291 1119 371 1188 pejus
383 1117 548 1172 cruciaverit
558 1123 643 1189 atque
655 1119 708 1174 hic.

55 1199 82 1254 si
93 1200 157 1269 quia
168 1216 248 1253 nuno
258 1202 382 1268 quaerat,
394 1198 470 1266 Quos
482 1216 527 1253 rea
538 1199 606 1254 haec
617 1201 761 1270 pertinetl
778 1201 859 1260 illuc:

56 1280 126 1336 Dum
137 1282 234 1336 vitant
245 1279 327 1334 atudti
338 1280 408 1334 vitia
419 1279 449 1333 in
461 1281 599 1335 contraria
610 1283 734 1336 nnuma

56 1362 186 1417 Maltinus
197 1361 303 1417 tunicis
314 1360 442 1416 demiaaia
453 1361 579 1416 ambulat
590 1382 598 1428 ;
610 1365 654 1416 eat
667 1364 716 1434 qui

57 1441 158 1512 inguen
170 1441 209 1497 ad
220 1441 390 1495 obscoenum
400 1441 549 1496 subductis
560 1459 649 1513 usque
661 1442 768 1499 facetus
781 1465 789 1511 ς

56 1521 180 1577 Pastillos
192 1521 313 1577 Rufillus
325 1522 390 1590 olet,
403 1521 560 1592 Gorgonius
570 1523 689 1579 hircum

57 1601 101 1656 Nil
111 1603 237 1657 medium
249 1604 301 1656 eat
335 1601 409 1656 Sunt
420 1602 470 1671 qui
480 1602 573 1657 nolint
584 1604 711 1674 tetigisse
722 1605 778 1660 nial
789 1605 852 1661 illua

57 1682 176 1749 Quarum
188 1683 308 1738 subsuta
319 1684 391 1738 talos
401 1686 479 1754 tegat
490 1683 590 1740 instita
600 1689 679 1742 veste
688 1705 697 1752 ς

57 1763 156 1820 Contra
168 1764 243 1819 aliua
254 1764 361 1818 nullam
371 1764 427 1819 nisi
439 1765 526 1819 olenti
537 1765 568 1818 in
578 1765 684 1820 fornice
695 1768 826 1822 stantem
924 1772 959 1824 ³0

57 1843 172 1910 Quidam
182 1847 271 1899 notua
281 1844 367 1899 homo
378 1862 443 1899 cum
454 1845 544 1900 exiiet
554 1845 668 1915 fornice,
681 1849 698 1878 ‘⁴
705 1846 796 1902 Macte

58 1923 165 1981 Virtute
177 1925 265 1994 eato‚”
276 1926 370 1996 inquit
381 1927 522 1982 aententia
532 1926 579 1981 dia
590 1926 712 1985 Catonia

58 2004 125 2061 Nam
136 2007 223 2061 simul
233 2024 267 2062 ao
277 2024 362 2062 venas
373 2008 482 2063 inflavit
492 2010 567 2063 tetra
577 2008 665 2065 libido

58 2085 116 2142 Huc
123 2088 243 2159 juvenca
255 2105 376 2158 aequum
388 2092 432 2142 eat
444 2088 619 2158 descendere,
630 2106 688 2145 non
699 2090 804 2146 alienae

57 2166 206 2223 Permolerc
218 2185 327 2223 morea
363 2167 487 2223 “Nolim
498 2169 660 2239 laudatior?
672 2170 775 2241 inquit,

59 2248 125 2303 “Sic
135 2249 207 2319 me‚”
219 2250 337 2305 mirator
349 2250 433 2305 cunni
445 2249 618 2321 Cupiennius
629 2250 693 2307 albi.

58 2328 157 2385 Audire
168 2333 215 2385 eat
225 2347 325 2401 operae
337 2331 468 2401 pretium,
480 2330 628 2402 procedere
639 2335 715 2387 recto

58 2410 108 2476 Qui
118 2411 250 2466 moechos
260 2429 319 2465 non
330 2412 426 2480 wiltis,
437 2414 472 2465 ut
483 2412 560 2466 omni
571 2415 652 2481 parte
664 2412 809 2479 laborant3

58 2490 148 2562 thue
160 2493 216 2548 illia
228 2492 320 2547 multo
332 2496 463 2563 corrupta
474 2492 568 2547 dolore
579 2494 719 2566 voluptas,

58 2571 481 2642 Atquehaecmracadatdura
492 2574 566 2627 inter
578 2591 660 2645 saepe
671 2575 780 2645 pericla
921 2578 957 2629 40

58 2652 108 2707 Hie
118 2671 150 2708 ae
160 2654 341 2725 praecipitem
353 2657 428 2708 teoto
440 2653 531 2718 dedit;
547 2654 594 2709 ille
606 2654 720 2725 flagellis

58 2732 98 2786 Ad
108 2738 228 2789 mortem
240 2750 337 2789 oacaua
348 2754 355 2801 ;
366 2734 476 2805 fugiens
487 2735 534 2789 hio
545 2734 650 2791 decidit
661 2752 752 2791 acrem

57 2812 224 2870 Praedonem
235 2815 267 2869 in
278 2813 392 2869 turbam
402 2835 410 2881 ;
422 2814 501 2869 dedit
511 2815 558 2871 hio
568 2833 621 2886 pro
630 2833 743 2887 corpore
754 2832 885 2873 nummos
896 2835 904 2880 ;

57 2891 136 2949 Hunc
146 2895 360 2965 perminxonmt
370 2896 481 2951 calones
492 2916 499 2961 3
510 2897 579 2965 quin
591 2897 677 2951 etium
689 2896 759 2951 illud

57 2977 171 3047 Accidit,
180 2981 215 3033 ut
225 2977 339 3048 quidum
350 2980 439 3033 testea
450 2978 622 3048 caudamque
633 2979 751 3033 salacem

56 3056 214 3113 Demeteret
223 3058 306 3114 ferro.
339 3058 358 3113 J
359 3076 408 3113 uro
420 3075 518 3113 omnes
529 3078 537 3124 ;
548 3057 638 3114 Galba
648 3058 774 3129 negabat

56 3137 152 3193 Tutior
163 3142 193 3194 at
204 3141 310 3209 quanto
322 3156 401 3193 merx
412 3142 457 3193 eat
468 3139 499 3193 in
510 3139 597 3195 clusae
609 3138 739 3207 secunda,

56 3217 258 3274 libertinarum
271 3219 341 3289 dico,
354 3219 504 3274 Sallustius
516 3220 629 3291 inques

55 3298 116 3355 Non
128 3300 224 3355 minua
234 3300 340 3356 insanit
352 3318 437 3372 quam
450 3300 499 3371 qui
510 3301 681 3355 moechatur.
716 3299 757 3353 At
768 3296 815 3353 hio
826 3298 852 3353 si

56 3379 179 3451 Quam,
189 3399 245 3453 qua
256 3382 328 3437 ratio
338 3382 477 3452 suaderet,
489 3398 600 3453 quaque
611 3380 738 3436 modeste
922 3384 957 3433 60
