2342 3850
336 277 521 328 sarisam
536 280 569 329 11„
584 281 607 330 91.

51 409 137 478 Atque
148 405 235 476 affigit
246 404 334 460 humo
346 404 458 460 divinae
469 405 635 477 particulam
647 423 737 463 aurae.

51 489 127 542 Alter
135 487 186 541 ubi
197 486 275 541 dieto
286 485 372 540 eitius
384 490 481 542 curata
491 488 588 558 sopori
913 495 948 546 80

50 569 171 624 Membra
182 567 264 622 dedit
274 570 392 638 vegetus
403 568 577 639 praescripta
588 567 624 622 ad
636 569 733 624 munia
744 569 843 640 surgit.

50 651 101 704 Hic
110 653 205 704 tamn
216 648 252 702 ad
263 647 363 702 melius
374 648 482 718 poterit
493 653 684 704 transcurrere
697 649 846 720 quondam,

49 731 108 785 Sive
118 729 193 784 diem
204 729 310 783 festum
321 727 433 782 rediens
444 729 591 784 advexerit
603 747 701 798 annus,

49 813 100 866 Seu
109 827 233 865 recreare
245 808 322 864 volet
332 812 483 864 tenuatum
496 827 606 881 eorpus,
618 811 723 881 ubique

50 892 185 947 Aoeedent
197 890 265 944 anni
276 893 306 944 et
317 891 434 945 tractari
446 891 557 946 mollius
568 894 647 946 aetas

51 971 188 1026 imbecilla
197 971 274 1026 volet
283 991 290 1037 3
323 971 379 1026 tibi
391 972 525 1042 quidnam
536 973 650 1028 aooedet
662 973 698 1027 ad
708 973 795 1028 istam

51 1053 135 1120 eram
146 1071 217 1124 puer
227 1057 258 1108 et
269 1053 377 1108 validus
389 1054 545 1124 praesumis
555 1054 711 1122 mollitiem,
722 1072 773 1110 aeu

51 1133 123 1188 Dura
132 1135 263 1190 valetudo
274 1135 406 1190 inciderit
417 1153 469 1190 sen
479 1135 561 1190 tarda
571 1138 719 1192 senectusl

52 1215 198 1269 Rancidum
209 1232 311 1286 aprum
322 1216 433 1286 antiqui
444 1216 604 1284 laudabant,
615 1235 673 1292 npu
685 1218 751 1288 quia
762 1235 848 1272 nasus

52 1295 109 1348 illis
118 1295 213 1350 nullus
224 1297 286 1350 erat
297 1295 347 1350 sed
359 1295 441 1350 eredo
452 1297 506 1350 hae
517 1299 623 1366 mente,
636 1297 712 1367 quod
723 1298 825 1368 hospes
913 1304 948 1354 90

52 1374 161 1429 Tardius
172 1375 323 1430 adveniens
335 1376 470 1430 vitiatum
481 1376 656 1432 eommodius
668 1395 753 1448 quam

51 1453 188 1526 Integrum
199 1455 270 1510 edax
281 1455 412 1510 dominus
423 1460 608 1511 oonsumeret
644 1457 706 1512 Hos
718 1459 829 1514 utinam
841 1460 919 1514 inter

52 1535 152 1590 Heroas
163 1539 262 1590 natum
273 1536 357 1590 tellus
368 1553 414 1590 me
426 1537 519 1607 prima
530 1538 658 1596 tulisset!

52 1616 103 1670 Das
114 1616 219 1686 aliquid
229 1617 319 1671 famae
330 1634 403 1687 quae
415 1619 538 1672 earmine
548 1620 655 1689 gratior
665 1637 762 1676 aurem

54 1697 171 1768 Oeeupet
182 1698 349 1752 humanam:
367 1698 486 1768 grandes
498 1699 610 1754 rhombi
622 1701 790 1772 patinaeque

54 1778 157 1833 Grande
168 1778 265 1833 fenmt
276 1796 333 1832 una
344 1796 410 1833 cum
421 1777 523 1835 damno
535 1780 671 1848 dedeous;
689 1781 759 1838 adde

53 1857 156 1912 iratum
166 1862 308 1931 patruum,
320 1859 436 1930 vicinos,
448 1864 479 1916 te
490 1860 545 1915 tibi
556 1862 696 1933 iniquum,

54 1939 87 1993 Et
97 1940 202 1995 frustra
212 1941 315 1996 mortis
327 1942 469 2012 cupidum,
482 1960 547 1997 oum
559 1942 650 1997 deerit
662 1944 755 2014 egenti

53 2019 90 2073 Aa
99 2020 190 2091 laquei
202 2022 334 2091 pretium.
369 2025 387 2053 “
393 2021 412 2076 J
413 2024 487 2091 ure,”
497 2024 599 2094 inquit,
612 2028 627 2055 “
635 2024 770 2080 'trauains
781 2025 846 2081 istis

53 2099 180 2171 iurgatur
191 2102 301 2166 verbis3
320 2119 371 2172 ego
383 2103 532 2173 vectigalia
543 2121 645 2175 magna
900 2110 951 2161 100

56 2179 232 2251 Divitiasque
242 2181 333 2236 habeo
344 2183 437 2236 tribus
449 2184 556 2255 amplas
568 2185 707 2255 regibus.”
741 2185 815 2256 Ergo

55 2260 127 2325 Quod
139 2266 256 2333 superat
268 2280 325 2316 non
337 2266 382 2316 est
392 2263 495 2317 melius
506 2280 562 2333 quo
574 2265 716 2321 insumere
728 2266 840 2338 possisl

56 2340 105 2395 Cur
115 2346 180 2412 eget
190 2342 323 2413 indignus
335 2344 485 2413 quisquam
496 2348 526 2398 te
538 2344 626 2399 divite
636 2346 647 2400 l
683 2346 775 2413 Quare

51 2420 166 2493 Templa
177 2426 266 2477 ruunt
277 2423 394 2494 antiqua
404 2423 489 2478 deum
499 2424 509 2478 l
545 2424 611 2494 Gur,
623 2426 751 2497 improbe
763 2444 840 2485 carae

54 2498 112 2555 Non
119 2502 228 2572 aliquid
239 2504 347 2573 patriae
358 2506 440 2557 tanto
452 2504 579 2559 emetiris
591 2507 707 2562 aoervol

54 2577 106 2635 Uni
116 2583 255 2637 nimirum
268 2587 343 2638 reete
355 2584 411 2639 tibi
422 2602 534 2656 semper
546 2590 631 2640 erunt
643 2604 696 2641 res,

54 2659 74 2713 0
84 2680 204 2733 magnus
215 2664 335 2735 posthae
346 2665 469 2719 inimicis
481 2666 572 2721 risus!
609 2667 719 2723 Uterne

54 2742 93 2796 Ad
104 2762 188 2799 easus
200 2744 301 2799 dubios
313 2745 382 2799 fidet
394 2746 448 2799 sibi
460 2748 584 2802 oertiusl
620 2747 675 2804 Hie
688 2748 737 2819 qui

54 2820 181 2879 Pluribus
192 2824 319 2879 adsuerit
330 2828 455 2880 mentem
468 2844 626 2898 corpusque
637 2828 799 2901 superbum,

57 2905 162 2976 linqui
175 2909 326 2961 eontentus
338 2924 425 2978 parvo
433 2911 619 2979 metuensque
630 2910 721 2966 futuri
904 2913 954 2961 110

54 2981 84 3037 In
94 3004 166 3057 paee
178 2990 213 3040 ut
224 2987 335 3057 sapiens
346 2987 451 3058 aptarit
462 2988 561 3043 idonea
572 2989 662 3045 bellol

53 3062 109 3129 Quo
120 3068 216 3138 magis
226 3067 272 3121 his
284 3068 388 3135 eredas,
400 3086 470 3138 puer
482 3068 557 3124 huno
566 3088 617 3141 ego
628 3088 732 3142 pervus
744 3068 861 3124 Ofellam

54 3141 174 3217 Integris
186 3147 288 3218 opibus
299 3149 365 3202 novi
377 3166 433 3202 non
445 3149 531 3203 latius
542 3167 628 3205 usum

53 3222 139 3289 Quam
150 3245 230 3282 nuno
241 3228 347 3283 aorisia
383 3228 487 3284 Videas
500 3234 607 3285 metato
620 3231 651 3284 in
662 3230 751 3300 agello

54 3303 119 3362 Cum
130 3326 234 3380 pecore
245 3312 276 3364 et
287 3309 380 3381 gnatis
392 3310 495 3366 fortem
506 3312 635 3367 meroede
648 3312 785 3380 colonum,
