2342 3850
364 289 637 340 seruauerint.
903 277 955 340 iee'

45 419 194 474 Jurantem
205 433 251 472 me
263 416 334 471 scire
345 417 418 472 nihil
428 418 569 473 mirantur
579 421 615 472 ut
627 433 717 472 unum

45 501 155 555 Scilicet
168 499 270 570 egregii
281 498 431 552 mortalem
442 499 548 570 altique
560 500 664 554 silenti.

45 583 175 637 Perditur
185 581 256 635 haec
267 579 342 634 inter
353 580 457 634 misero
467 580 518 634 lux
529 598 586 635 non
598 581 658 636 sine
671 580 760 635 votis:

44 663 135 730 Orus,
147 661 261 731 quando
274 677 324 730 ego
337 663 367 714 te
378 659 549 731 adspiciaml
566 661 734 732 quandoque
745 661 843 716 licebit
913 664 948 716 60

45 742 125 798 Nunc
136 744 268 796 veterum
279 741 365 809 libris,
376 758 453 795 nunc
464 759 563 796 somno
574 745 605 796 et
617 741 756 798 inertibus
766 743 843 798 horis
894 811 896 817 Ι

43 823 150 878 Ducere
161 821 297 877 sollicitae
305 822 430 892 jucunda
441 821 545 878 oblivia
555 822 647 878 vitael

43 903 64 956 0
74 902 192 974 quando
204 902 269 957 faba
279 903 452 973 Pythagorae
464 907 582 974 cognata
593 903 734 974 simulque

44 983 136 1040 Uncta
147 985 220 1039 satis
231 984 329 1054 pingui
340 987 481 1054 ponentur
492 984 615 1038 oluscula
625 983 721 1038 lsrdol

44 1066 64 1119 0
75 1070 178 1121 noctes
191 1082 347 1136 coenseque
359 1065 458 1120 deum!
477 1066 582 1136 quibus
593 1067 654 1136 ipse
665 1066 778 1137 meique

44 1146 117 1202 Ante
129 1147 233 1200 Larem
243 1145 392 1216 proprium
403 1163 502 1201 vescor
513 1164 666 1216 vernasque
678 1164 808 1218 procaces

43 1226 126 1282 Pasco
136 1226 236 1281 libatis
247 1226 374 1297 dapibus
409 1225 496 1281 Prout
508 1228 610 1298 cuique
621 1227 709 1283 libido
722 1231 766 1282 est

43 1307 133 1362 Siecct
144 1307 306 1376 inaequales
318 1307 418 1362 calices
429 1308 555 1376 conviva,
567 1307 679 1362 solutus

43 1387 163 1458 Legibus
172 1387 288 1452 insanis,
300 1405 351 1442 seu
363 1388 428 1458 quis
440 1388 517 1458 capit
528 1389 604 1443 acria
615 1389 698 1444 fortis

41 1467 141 1523 Pocula
152 1485 205 1522 seu
216 1468 336 1523 modicis
348 1469 458 1523 uvescit
469 1469 579 1524 laetius.
615 1469 689 1540 Ergo
915 1471 948 1522 70

44 1548 140 1603 Sermo
152 1549 254 1615 oritur,
264 1566 323 1604 non
335 1549 370 1603 de
381 1549 458 1603 villis
470 1549 635 1604 domibusve
647 1551 754 1618 alienis,

42 1628 99 1683 Neo
109 1628 187 1683 male
198 1644 286 1682 necne
297 1629 389 1700 Lopos
400 1629 500 1693 saltet;
516 1629 568 1682 sed
580 1630 656 1700 quod
668 1630 757 1700 megis
768 1628 804 1684 ed
815 1645 867 1683 nos

43 1709 169 1764 Pertinet
181 1713 212 1764 et
224 1710 332 1764 nescire
343 1711 451 1765 malum
463 1713 508 1765 est
519 1712 673 1781 agitemus:
691 1716 826 1767 utrumne

41 1790 159 1846 Divitiis
170 1791 301 1846 homines
313 1809 350 1846 en
361 1793 421 1846 sint
432 1792 541 1847 virtute
553 1793 641 1860 beeti3

43 1871 152 1937 Quidve
164 1871 202 1927 ed
212 1873 359 1940 amicitias,
370 1890 440 1928 usus
451 1876 605 1943 rectumne,
617 1873 713 1929 trahat
723 1889 776 1928 nos
782 1892 790 1940 ;

42 1951 78 2006 Et
88 1972 164 2024 quae
176 1954 217 2008 sit
229 1957 333 2008 natura
343 1954 412 2008 boni
423 1972 624 2025 summumque
636 1956 706 2025 quid
717 1954 783 2025 ejus

43 2032 159 2088 Cervius
171 2034 242 2087 haec
253 2034 329 2088 inter
340 2034 451 2088 vicinus
462 2034 551 2104 garrit
562 2035 651 2089 aniles

43 2113 82 2167 Ex
92 2133 124 2169 re
136 2114 263 2170 fabellas.
297 2114 328 2168 Si
339 2115 404 2185 quis
415 2132 482 2169 nam
493 2115 592 2170 laudet
602 2115 691 2171 Arelli

42 2194 182 2250 Sollicitas
194 2195 310 2264 ignarus
322 2211 398 2265 opes,
409 2195 452 2249 sic
463 2194 582 2265 incipit:
601 2196 700 2250 “Olim

42 2274 177 2331 Rusticus
189 2275 331 2329 urbanum
342 2292 452 2329 murem
464 2292 529 2329 mus
540 2293 663 2347 paupere
675 2277 765 2330 fertur
914 2278 948 2327 80

41 2356 194 2428 Accepisse
207 2372 284 2423 cavo,
296 2358 422 2409 veterem
434 2358 517 2409 vetus
528 2356 633 2427 hospes
645 2357 774 2423 amicum,

40 2437 134 2507 Asper
144 2440 176 2492 et
189 2439 320 2491 attentus
332 2436 474 2505 quaesitis,
485 2440 520 2490 ut
531 2440 628 2491 tamen
640 2441 735 2492 ertum

39 2516 172 2572 Solveret
185 2517 321 2586 hospitiis
334 2518 470 2573 animum.
507 2517 583 2583 Quid
595 2518 702 2573 multet
720 2534 812 2587 neque
825 2514 871 2570 ille

39 2598 165 2669 Sepositi
177 2598 277 2651 ciceris
289 2614 342 2651 nec
352 2598 449 2667 longae
459 2598 564 2652 invidit
575 2615 686 2667 avenae,

38 2678 163 2733 Aridum
176 2681 209 2731 et
221 2695 269 2732 ore
280 2678 373 2732 ferens
384 2680 498 2733 acinum
509 2696 673 2749 semesaque
684 2678 757 2733 lerdi

37 2758 145 2815 uum
156 2758 246 2827 dedit,
259 2759 376 2829 cupiens
388 2759 466 2814 varie
476 2759 590 2814 fastidia
602 2777 687 2814 coena

36 2839 163 2895 Vincere
174 2840 322 2910 tangentis
333 2840 405 2894 male
417 2839 527 2910 singula
537 2840 623 2895 dente
636 2839 773 2911 superbo;

35 2921 109 2976 (lum
122 2924 213 2993 peter
223 2921 285 2991 ipse
298 2920 399 2975 domus
410 2920 490 2991 palea
501 2925 649 2991 porrectus
661 2922 692 2974 in
703 2921 791 2974 horna

33 3001 122 3056 Esset
135 3001 210 3056 ador
221 3000 383 3071 loliumque,
396 3001 477 3072 dapis
488 3001 606 3057 meliora
617 3002 784 3071 relinquens

32 3086 169 3141 Tandem
180 3084 309 3139 urbanus
321 3086 356 3141 ad
367 3086 459 3141 bunc:
478 3085 570 3153 ‘Quid
580 3089 611 3141 te
620 3086 716 3156 juvet‚'
729 3082 829 3153 inquit,
842 3080 953 3145 ‘amice

32 3169 192 3240 Praerupti
204 3170 330 3223 nemoris
343 3170 501 3240 patientem
512 3169 607 3224 vivere
619 3168 719 3225 dorsol
917 3168 950 3217 91

32 3250 85 3307 Vis
97 3255 138 3306 tu
152 3248 285 3303 homines
297 3250 453 3320 urbemque
464 3250 532 3305 feris
544 3266 715 3321 praeponere
727 3246 806 3303 silvis
816 3247 826 3301 l

31 3332 127 3405 Carpe
141 3330 230 3398 viam,
241 3330 414 3399 mihicrede,
427 3348 535 3397 comes3
552 3330 697 3385 terrestria
708 3327 820 3398 quando

493 3430 511 3471 ο
