2342 3850
537 287 673 338 nomn
685 287 798 336 sunem

380 421 489 478 Reddas
501 419 668 476 ineolumem
680 437 784 490 preoor,

347 504 385 558 Et
397 520 489 558 serves
500 502 609 556 enimse
621 501 771 558 dimidium
782 517 867 556 mese

382 583 428 638 Illi
439 583 526 638 robur
536 585 566 638 et
578 599 626 636 ees
637 582 741 651 triplex

346 664 427 720 Oiroe
437 666 537 735 peetus
548 667 610 718 eret
622 663 670 732 qui
682 661 809 732 fragilem
820 662 896 720 truci

381 744 530 800 Commisit
542 743 639 814 pelago
651 745 741 797 retem

344 826 462 893 Primus,
474 841 525 878 neo
536 823 635 878 timuit
647 822 829 894 praecipitem
840 823 968 878 Africum

377 905 575 960 Deoertentem
586 902 783 972 Aquilonibus,

346 986 406 1040 Neo
417 986 516 1040 tristes
527 984 650 1055 Hyadas,
662 1001 714 1039 neo
725 984 832 1040 rabiem
843 984 923 1053 Noti,

381 1065 443 1131 Quo
455 1081 511 1119 non
520 1065 626 1119 arbiter
636 1064 758 1120 Hsdriee

345 1145 439 1216 Major,
450 1146 548 1200 tollere
560 1163 611 1200 seu
622 1163 725 1217 ponere
737 1145 799 1200 vult
811 1145 889 1200 freto

381 1225 472 1292 Quem
483 1225 585 1280 Mortis
597 1227 696 1280 timuit
707 1226 824 1296 gradum

347 1307 403 1372 Qui
414 1306 496 1361 sioeis
508 1307 596 1362 oculis
608 1310 735 1361 monstro
746 1307 880 1373 notantia,

381 1385 437 1451 Qui
449 1386 522 1442 vidit
533 1404 611 1441 mare
623 1386 769 1456 turgidum
780 1390 811 1440 et

346 1465 468 1522 Infemes
480 1467 609 1537 scopulos
620 1466 842 1521 Aorooereuniai

381 1546 408 1600 N
410 1546 576 1618 equiequem
588 1547 657 1601 deus
669 1546 790 1602 sbsoidit

345 1627 470 1682 Prudens
483 1628 592 1682 Ooeeno
604 1627 773 1682 dissociabili

381 1707 481 1764 Terras
492 1708 517 1762 si
529 1711 626 1762 tamen
637 1708 741 1778 impiae

346 1789 412 1844 Non
424 1788 562 1859 tangenda
573 1792 648 1843 retes
659 1787 822 1842 transiliunt
833 1787 910 1843 vado

380 1868 482 1925 Audax
494 1861 708 1941 omnia'perpeti

345 1950 420 2005 Gens
432 1950 554 2005 humane
564 1952 625 2005 ruit
636 1968 687 2021 per
698 1950 821 2005 vetitum
832 1949 918 2004 nefas

381 2030 482 2085 Audax
494 2030 586 2101 Iapeti
597 2048 685 2101 genus

348 2112 445 2183 Ignem
457 2111 554 2165 fraude
565 2111 639 2165 male
649 2111 780 2181 gentibus
792 2109 898 2164 intulit

380 2192 448 2245 Post
459 2192 552 2261 ignem
564 2191 687 2245 aetheris
698 2190 781 2245 domo

346 2270 523 2326 Subduotum
534 2271 638 2325 mooies
649 2273 679 2325 et
690 2288 763 2325 nova
774 2270 896 2325 febrium

384 2352 476 2407 Terris
488 2351 618 2406 incubuit
631 2350 736 2418 cohors,
838 2369 841 2374 ·

347 2433 509 2502 Semetique
521 2432 602 2503 prius
613 2431 694 2486 tarda
705 2431 856 2487 neeessitas

384 2512 447 2567 Leti
459 2513 596 2583 oonipuit
607 2512 731 2583 gradum

347 2592 487 2664 Expertus
499 2610 619 2648 veouum
630 2592 768 2647 Deedelus
779 2596 842 2647 sero

380 2674 482 2727 Pennis
494 2691 551 2728 non
562 2674 671 2727 homini
684 2674 773 2739 dotis;

346 2754 476 2825 Perrupit
487 2753 647 2807 Acheronta
659 2753 813 2808 Herculeus
824 2753 909 2809 labor.

383 2833 432 2887 Nil
444 2834 610 2889 mortalibus
622 2833 702 2888 ardui
714 2837 774 2900 est3

347 2913 462 2968 Caelum
473 2914 567 2985 ipsum
579 2915 703 2985 petimus
715 2913 846 2982 stultitia,
858 2931 948 2984 neque

381 2994 433 3048 Per
444 2998 574 3051 nostrum
585 2996 711 3066 patimur
721 2995 811 3051 scelus

348 3074 485 3130 Irseunds
495 3075 514 3129 J
515 3093 596 3131 ovem
608 3094 712 3147 ponere
723 3076 848 3134 fulmins
