2342 3850
308 317 435 366 monor
449 316 553 378 mss,
567 319 605 378 13,
619 319 656 368 14.
894 319 937 370 181

66 447 103 502 Et
114 446 206 516 decet,
218 446 339 501 obducta
350 447 475 501 solvatur
485 445 578 502 fronte
590 449 727 502 senectus.

101 529 146 582 Tu
156 528 224 582 vina
234 527 375 598 Torquato
386 544 468 582 move
479 528 591 582 consule
603 545 699 599 pressa
710 545 780 582 meo.

67 609 168 664 Cetera
178 609 262 662 mitte
273 609 363 678 loqui:
382 607 451 662 deus
462 608 531 663 haec
543 609 661 663 fortasse
672 609 792 680 benigna

101 689 229 743 Reduoet
239 689 271 742 in
282 688 378 744 sedem
389 689 457 743 vioe.
491 689 576 743 Nune
587 692 617 743 et
628 689 814 745 Achaemenio

67 769 199 824 Perfundi
211 769 298 823 nardo
305 770 388 840 juvat
399 773 429 823 et
440 769 494 824 fide
506 769 638 840 Cyllenes

102 851 206 906 Levare
218 849 287 904 diris
297 853 411 921 pectora
422 850 673 917 sollicitudinibus3

66 931 178 986 Nobilis
189 935 224 985 ut
234 930 333 1001 grandi
345 932 447 985 cecinit
458 931 615 986 Oenmurus
627 932 753 986 alumno:

103 1012 221 1080 Inviete,
234 1011 360 1065 mortalis
373 1011 424 1065 dee
434 1014 500 1066 nate
510 1028 581 1082 puer
592 1011 719 1082 Thetide,

66 1091 106 1146 Te
116 1096 213 1146 manet
224 1091 353 1146 Assaraci
364 1092 458 1160 tellus,
470 1109 555 1162 quam
566 1091 664 1161 frigida
675 1093 753 1163 parvi

101 1172 228 1226 lindunt
239 1171 402 1226 Scamandri
413 1171 529 1226 flumina
540 1171 665 1226 lubricus
677 1176 706 1226 et
718 1173 829 1241 Simois,

66 1254 150 1309 Unde
161 1254 216 1308 tibi
227 1254 352 1308 reditum
362 1256 440 1307 certo
449 1254 609 1316 subtemine
621 1253 721 1308 Parcae

101 1335 220 1406 Rupere,
229 1352 282 1389 nee
293 1337 384 1389 mater
395 1334 511 1390 domum
521 1335 631 1390 caerula
641 1338 672 1390 te
683 1336 804 1390 revehet.

66 1414 128 1470 lilio
140 1432 223 1469 omne
234 1415 341 1469 mulum
352 1415 418 1470 vino
429 1418 569 1486 cantuque
580 1416 681 1482 levato,
762 1441 769 1452 ·

101 1496 244 1552 Deformis
255 1496 440 1566 aegrimoniae
447 1497 577 1552 dulcibus
589 1497 725 1568 alloquiis.

437 1785 516 1841 XIV.

136 1941 249 1995 Motus
260 1940 361 1995 inertia
371 1958 421 1995 cur
431 1943 541 1996 tantam
553 1940 696 1995 diffirderit
707 1941 772 1995 imis

173 2022 352 2077 Oblivionem
362 2022 500 2091 sensibus,

135 2101 241 2156 Pocula
251 2101 388 2157 Lethaeos
398 2106 432 2156 ut
444 2104 469 2156 si
480 2103 611 2158 ducentia
622 2120 735 2157 somnos

172 2182 282 2237 Arente
292 2183 370 2237 fauce
381 2184 522 2251 traxerim,

137 2260 264 2317 Candide
273 2263 426 2332 Maecenas,
438 2263 540 2318 occidis
552 2280 634 2335 saepe
645 2264 777 2335 rogando:

174 2343 262 2414 Deus,
275 2345 343 2397 deus
354 2362 421 2399 nam
432 2361 478 2398 me
489 2347 568 2398 vetat

140 2424 287 2495 Inceptos,
299 2424 366 2478 olim
378 2424 549 2495 promissum
561 2441 680 2494 carmen,
692 2424 799 2479 iambos

173 2504 222 2559 Ad
233 2504 398 2559 umbilicum
409 2505 552 2560 adducere.

136 2585 207 2639 Non
218 2584 299 2639 aliter
310 2586 403 2639 Samio
415 2586 513 2640 dieunt
524 2586 625 2640 arsisse
637 2584 766 2657 Bathyllo

173 2665 353 2719 Anacreonta
363 2666 470 2735 Teium,

138 2745 196 2813 Qui
206 2762 339 2816 persaepe
351 2764 418 2800 cava
429 2746 572 2802 testudine
583 2747 662 2801 flevit
673 2764 797 2801 amorem
875 2764 876 2767 ¹

173 2825 241 2880 Non
253 2826 425 2881 elaboratum
436 2828 472 2882 ad
483 2828 592 2899 pedem.

136 2906 238 2963 Ureris
250 2908 310 2977 ipse
322 2908 420 2962 miser:
438 2908 538 2979 quodsi
549 2926 607 2963 non
615 2908 757 2980 pulchrior
768 2905 841 2977 ignis

171 2987 314 3042 Accendit
325 2988 466 3043 obsessam
478 2989 559 3057 Ilion,

135 3068 237 3124 Gaude
249 3072 324 3123 sorte
335 3072 402 3136 tua3
419 3087 465 3123 me
477 3069 609 3125 libertina
620 3085 711 3142 neque
723 3083 780 3121 uno

173 3147 318 3204 Contenta
329 3149 440 3221 Phryne
451 3152 579 3204 macerat.
904 3147 938 3197 1'6
