2342 3850
197 309 241 356 lte
512 300 647 355 nomn
662 304 776 355 mccl

197 436 236 490 Et
247 453 334 507 genua
342 439 373 490 ct
384 435 476 490 virtue
487 435 543 489 niei
555 453 621 490 cum
632 453 663 490 re
674 435 757 490 vilior
768 435 829 505 alge
840 436 906 490 est?

198 521 216 549 “
224 516 341 584 Quando
351 517 521 587 pauperiem,
534 516 629 570 missis
641 516 813 586 ambagibus,
825 516 930 584 horrea,
954 567 957 572 ,

197 599 303 668 Accipe
314 613 369 668 que
380 597 488 651 ratione
500 613 586 667 queas
598 596 742 651 ditescere.
778 596 890 650 deua
1082 602 1118 650 10

198 680 262 736 Sive
274 678 350 733 aliud
362 679 475 749 privum
486 677 601 732 dabitur
612 678 674 746 tibi,
687 677 796 732 devolet
807 678 874 732 illuc

199 758 733 829 Reeubimagnanitetdominoeene;
751 757 841 812 dulcia
852 774 935 828 poma
1155 779 1156 829 i

198 838 800 910 thuoeclmqueferetcultustibifimdua
811 838 931 892 honores
1155 831 1156 848 l

198 920 275 975 Ante
287 918 386 974 Larem
396 922 492 990 pretet
504 919 687 974 venerabilior
699 919 768 974 Lare
780 919 874 985 dives3

201 1000 256 1067 Qui
267 1001 394 1072 quemvis
406 1000 536 1072 perjurus
548 1001 609 1068 erit,
622 1000 683 1054 eine
695 1002 784 1069 gente,
797 1001 930 1054 omentue

201 1082 340 1152 Sanguine
351 1082 481 1150 fraterno,
493 1081 637 1151 fugitivuS,
650 1097 685 1134 ne
697 1085 793 1134 tamen
805 1080 846 1134 illi

201 1163 245 1217 Tu
256 1179 349 1216 comae
361 1162 483 1217 exterior
494 1161 519 1215 ei
531 1161 656 1231 postidet
667 1161 709 1214 ire
720 1161 852 1215 recuses?

202 1247 218 1275 “
227 1243 305 1298 Utne
317 1247 410 1313 tegam
421 1259 522 1313 epurcc
534 1243 638 1296 Damae
650 1241 745 1296 latua?
781 1240 864 1294 Haud
875 1240 917 1294 ita
928 1239 1031 1308 Trojae

202 1325 249 1379 Me
261 1325 333 1395 geeai
345 1328 455 1378 certene
467 1340 579 1394 semper
590 1322 778 1377 melioribus.”
814 1325 832 1352 “
840 1321 912 1392 Ergo

203 1405 311 1477 Pauper
322 1405 400 1460 eris?
427 1403 566 1458 “Fortem
577 1403 631 1458 hoc
643 1402 769 1456 animum
780 1401 899 1456 tolerare
908 1401 1017 1472 jubebo
1031 1423 1038 1469 ;
1080 1407 1119 1458 20

203 1485 241 1540 Et
252 1485 393 1555 quondam
404 1484 510 1554 majora
520 1484 583 1538 tuli
619 1483 662 1537 Tu
674 1483 804 1554 protinus
816 1483 891 1537 unde
1157 1502 1158 1562 l

204 1567 327 1622 Divitiae
337 1565 556 1635 cerisqueruam
568 1564 621 1633 dic,
634 1563 873 1633 eugur‚acervoe.”
1157 1567 1158 1594 ³

205 1647 298 1702 “Dixi
309 1645 440 1717 equidem
451 1647 481 1699 et
492 1644 554 1699 dico
565 1663 571 1698 :
590 1648 687 1715 captes
699 1647 811 1698 astutus
822 1643 927 1714 ubique

205 1727 386 1782 Testamenta
397 1743 504 1794 aenum,
516 1742 580 1793 neu,
593 1725 618 1779 si
629 1725 706 1779 vafer
717 1742 791 1779 unus
803 1727 833 1778 et
845 1725 914 1778 alter

206 1806 405 1862 Insidiatorem
416 1823 545 1877 praeroso
557 1806 662 1876 fugerit
672 1806 764 1874 hemo,

206 1888 267 1943 Aut
279 1904 359 1959 spem
371 1887 493 1959 deponas
504 1889 555 1941 aut
567 1890 657 1942 artem
669 1886 768 1942 illusus
779 1886 902 1941 omittas„

206 1970 306 2040 Magna
316 1970 443 2024 minorve
455 1969 515 2023 foro
527 1969 552 2022 ei
562 1986 608 2023 res
621 1968 774 2023 certabitur
786 1968 859 2035 olim,

207 2050 293 2105 Vivet
304 2054 369 2104 uter
379 2049 503 2120 locuples
515 2049 575 2103 sine
587 2049 670 2117 netis,
682 2048 833 2119 improbus,
845 2048 921 2103 ultro

207 2131 263 2198 Qui
275 2131 418 2186 moliorem
429 2130 520 2184 audax
531 2133 614 2185 vocet
624 2130 655 2183 in
663 2132 719 2200 jus,
732 2130 807 2183 illius
819 2132 880 2183 estc

207 2212 354 2278 Defensor3
371 2213 446 2267 fama
458 2213 549 2266 civem
562 2228 699 2281 causaque
711 2212 833 2282 priorem
1075 2215 1114 2265 30

208 2293 319 2363 Sperne,
332 2293 408 2348 domi
419 2293 444 2346 ai
456 2294 540 2347 natus
552 2292 608 2345 erit
619 2290 769 2345 fecundave
781 2290 890 2361 conjux.

208 2372 347 2441 ‘Quinte'
359 2375 438 2444 puta,
451 2376 501 2427 eut
512 2372 627 2439 ‘Publi’
642 2370 773 2441 (gaudent
786 2370 964 2441 praenomine
977 2370 1077 2425 molles

209 2453 370 2523 Auriculae)
383 2452 453 2506 ‘tibi
464 2470 510 2507 mo
522 2453 613 2507 virtus
624 2455 675 2507 tua
686 2452 753 2506 fecit
764 2447 903 2518 amicum

208 2533 262 2588 Jua
274 2550 375 2604 anceps
386 2533 462 2601 novi,
475 2550 571 2588 causae
580 2531 727 2587 defendere
739 2548 855 2603 possum
866 2552 874 2598 ;

208 2613 319 2686 Eripiet
330 2614 422 2685 quivis
433 2613 527 2667 oculos
539 2614 625 2667 citius
636 2613 715 2681 mihi,
727 2630 812 2683 quam
823 2616 853 2667 te

210 2694 414 2765 Contemptum
426 2711 504 2748 casea
515 2710 587 2748 nuce
599 2696 734 2765 pauperet
746 2714 752 2759 ;
770 2694 838 2747 haec
850 2709 912 2748 mea
923 2710 990 2747 cmc
1001 2696 1055 2762 eet,

209 2775 254 2829 Ne
265 2774 334 2846 quid
345 2778 380 2828 tu
391 2774 492 2845 perdas
503 2792 559 2828 neu
570 2774 610 2828 sia
619 2774 715 2844 jocus!
752 2775 797 2827 Ire
810 2774 925 2829 domum
937 2777 1022 2844 atque

210 2855 372 2912 Pelliculam
384 2871 480 2909 cruore
489 2854 572 2924 jube;
589 2856 610 2908 fi
621 2854 746 2924 cognitor
752 2874 759 2920 ;
776 2856 837 2925 ipae

210 2936 309 2991 Pereta
320 2939 406 3006 atque
417 2935 531 3001 obdura,
544 2953 595 2989 eeu
607 2935 692 2990 rubra
702 2935 835 2990 Oanicida
845 2934 934 2989 findet

211 3017 339 3072 Infantes
351 3020 468 3085 statuae,
479 3033 530 3071 aeu
542 3017 639 3088 pingui
650 3018 749 3071 tentus
761 3032 856 3069 omaso
1079 3018 1116 3069 40

211 3098 313 3154 Furius
323 3097 456 3153 hibernae
467 3114 536 3151 cana
546 3097 612 3151 nive
624 3100 760 3168 conspuet
772 3095 867 3167 Alpes.

210 3178 312 3233 Nonne
323 3179 410 3247 videa,
422 3178 522 3249 eliquia
534 3177 630 3232 cubito
642 3182 767 3233 stantem
778 3195 865 3250 prope
876 3179 994 3249 tangens

211 3257 333 3327 Inquiet
344 3262 379 3312 ut
391 3258 510 3329 patiens,
522 3261 556 3311 ut
567 3258 667 3314 amicie
679 3262 770 3329 aptus,
781 3262 816 3314 ut
827 3257 910 3313 aceri
