2342 3850
343 315 520 364 caedimus
534 315 568 366 11.
585 319 621 368 17.

190 445 230 500 'le
243 461 338 516 greges
351 447 473 500 eentum'
479 447 642 517 Siciliaeque
654 447 760 502 circum

188 527 318 598 Mugiunt
330 544 437 595 vaceae,
450 527 505 582 tibi
516 527 592 582 tollit
603 527 748 582 hinnitum

188 605 264 678 Apta
275 607 418 677 quadrigis
431 625 508 678 equa
520 611 551 662 te
562 607 609 662 bis
620 609 690 662 Afro

223 689 331 742 Murice
340 689 447 742 tinctae

190 767 324 824 Vestiunt
336 769 414 822 lanae
425 786 431 823 :
449 769 520 822 mihi
532 786 620 839 parva
630 785 696 823 rura
706 773 738 824 et

186 849 324 919 Spiritum
336 849 436 903 Graiae
447 853 562 904 undem
574 849 711 904 Camenae

188 929 271 983 Parca
282 946 339 983 non
352 929 472 984 mendax
483 929 563 985 dedit
575 934 605 984 et
617 931 770 1003 malignum

222 1010 358 1080 Spernere
371 1010 479 1081 vulgus

425 1325 519 1381 XVII.

187 1491 252 1545 Oua
263 1508 309 1544 me
321 1491 442 1562 querelis
455 1491 598 1546 exanimas
609 1491 688 1546 tuisl

190 1570 250 1625 Nee
262 1571 306 1626 die
317 1571 440 1626 amicum
452 1576 497 1628 est
509 1590 560 1627 nec
572 1572 645 1626 mihi
655 1576 685 1627 te
698 1572 777 1644 prius

224 1650 317 1719 Obire,
330 1651 481 1720 Maecenas,
493 1671 622 1708 meemm

260 1731 372 1791 Grande
385 1733 470 1788 deciis
482 1733 667 1804 columenque
678 1749 779 1788 rerum

189 1812 237 1866 Ah
248 1816 277 1866 te
289 1830 368 1867 meae
380 1813 404 1867 si
416 1817 527 1884 partem
539 1815 648 1870 animae
659 1813 736 1884 rapit

188 1892 327 1948 Maturier
339 1893 390 1961 vis,
403 1894 472 1965 quid
486 1911 580 1951 meror
592 1895 685 1963 altera

223 1973 283 2027 Nec
295 1991 374 2028 canis
386 1992 473 2044 aeque
485 1992 536 2029 nec
547 1979 692 2046 superstes

258 2054 389 2125 Integerl
426 2055 476 2109 llle
488 2055 548 2111 dies
559 2060 709 2126 utramque

189 2134 281 2189 Ducet
293 2136 412 2191 niinam.
449 2136 514 2190 Non
526 2154 576 2207 ego
589 2136 728 2207 perfidum

190 2215 257 2269 Dixi
268 2220 487 2272 sacramentum:
506 2216 620 2285 ibimus,
631 2218 736 2271 ibimus

229 2295 383 2367 Utcunque
395 2298 551 2369 praecedes,
564 2315 728 2369 supremum

266 2376 388 2447 Carpere
400 2379 455 2433 iter
466 2380 584 2433 comites
596 2379 694 2450 parati

191 2456 238 2509 Me
250 2473 301 2511 nee
313 2458 476 2513 Chimaerae
488 2459 607 2530 spiritus
618 2459 714 2529 igneae

190 2536 257 2605 Nec,
268 2539 294 2591 si
306 2542 441 2609 resurget,
455 2540 631 2595 centimanus
644 2538 719 2609 Gyas

226 2616 347 2673 Divellet
358 2636 497 2689 unquam:
516 2618 557 2675 sie
569 2619 683 2690 potenti

259 2698 277 2752 J
278 2699 392 2755 ustitiee
405 2699 596 2770 placitumque
608 2699 708 2755 Pereia

191 2778 247 2832 Seu
259 2778 342 2833 Libra
353 2797 404 2835 seu
414 2796 459 2834 me
471 2780 602 2851 Scorpios
613 2779 734 2851 adspicit

191 2858 400 2915 Formidelosus
411 2877 477 2932 pars
489 2860 641 2915 violentior

227 2939 336 2995 Natalis
347 2941 438 3009 herae,
450 2958 501 2997 sau
513 2945 651 3013 tyrannus

263 3019 415 3092 Hesperiae
427 3020 615 3093 Capricornus
626 3022 727 3087 undae,

193 3098 354 3171 Utrumque
365 3105 495 3156 nostrum
508 3102 665 3157 incredibili
677 3101 762 3157 modo

193 3178 342 3235 consentit
354 3184 472 3240 astrum.
508 3182 547 3235 Te
558 3182 577 3237 J
578 3182 639 3237 evis
651 3181 739 3252 impio

227 3260 326 3317 Tutela
338 3265 459 3319 Saturno
471 3264 612 3335 refulgens

264 3346 377 3419 Eripuit
390 3348 564 3419 voluerisque
577 3346 641 3399 Fati
