2342 3850
217 278 262 326 lta
537 275 673 325 floram
685 276 798 326 micci

217 402 272 457 Sed
282 405 378 460 tamen
389 406 482 458 amoto
494 419 659 473 quaeramus
670 403 742 456 seria
752 398 827 458 ludo.

217 482 268 538 Ille
280 501 392 554 gravem
403 482 472 538 duro
483 485 588 537 terram
600 483 650 554 qui
661 483 748 537 vertit
759 487 859 552 aratro,

216 563 341 619 Perfidus
352 564 399 619 hic
411 581 507 635 caupo,
519 564 609 632 milca,
621 567 777 634 nautaeque
788 580 934 634 peremne

216 645 345 701 Audaces
355 645 803 715 marequiourrunt‚hacmente
814 645 937 699 laborem
1086 647 1121 700 30

214 725 282 780 Sese
293 725 374 795 ferre,
385 743 467 781 aenea
478 729 512 780 ut
524 726 555 780 in
567 725 625 780 otia
636 727 700 780 tuta
710 724 849 793 recedant,

215 805 314 875 Aiunt,
326 823 415 877 quum
425 806 481 860 eibi
492 806 551 861 aiut
564 810 694 875 congesta
706 806 820 860 cibaria:
838 806 912 860 sicut

214 886 341 956 Parvula,
353 905 420 943 nam
432 888 559 959 exemplo
571 891 624 956 est,
636 888 730 957 magni
740 886 856 942 formica
866 887 970 942 laboris

215 966 270 1023 Ore
281 968 370 1023 trahit
382 967 565 1038 quodcunque
577 969 672 1039 puteat
683 971 767 1037 atque
779 966 859 1022 addit
870 983 977 1036 acervo,

216 1048 307 1116 Quem
317 1049 405 1104 struit
415 1048 490 1103 haud
501 1049 596 1118 ignara
607 1065 639 1102 ac
650 1064 707 1101 non
718 1049 831 1102 incauta
842 1048 937 1102 futuri.

215 1128 300 1198 Quae,
312 1129 397 1184 aimrd
408 1131 553 1184 inversum
564 1128 713 1182 contristat
724 1129 865 1198 Aquarius
877 1145 991 1198 annum,

214 1209 281 1266 Non
292 1228 412 1281 nequam
423 1210 549 1281 prorepit
560 1213 590 1264 et
601 1209 657 1264 illie
668 1209 760 1264 utitur
771 1213 837 1284 ante

215 1291 356 1359 Quaesitis
368 1291 496 1362 sapiena;
514 1308 602 1361 quum
613 1292 643 1344 te
655 1307 745 1360 neque
756 1290 879 1345 fervidus
891 1293 986 1345 aestua

215 1372 368 1428 Demoveat
379 1371 464 1441 lucro,
476 1389 566 1442 neque
578 1371 677 1439 hiems,
690 1371 770 1440 ignia,
783 1389 868 1440 mare,
880 1370 994 1440 farrum,

215 1452 264 1507 Nil
275 1453 369 1508 obstet
380 1453 434 1508 tibi
447 1453 515 1509 dum
526 1469 562 1506 ne
573 1451 752 1507 aitteditior
763 1451 841 1507 alter.
1086 1456 1123 1506 40

216 1533 291 1601 Quid
298 1533 381 1604 juvat
392 1534 561 1588 immensum
571 1534 601 1586 te
613 1533 722 1602 argenti
733 1531 843 1603 pondus
856 1535 885 1586 et
897 1532 960 1588 euri

215 1613 327 1669 Furtim
338 1614 447 1669 defossa
458 1613 592 1667 timidum
604 1612 741 1684 deponere
752 1611 844 1668 terrai

216 1695 323 1764 “Quod
333 1696 359 1750 ai
371 1695 543 1749 comminuas
554 1693 640 1748 vilem
652 1693 794 1764 redigatur
805 1693 841 1747 ad
853 1692 968 1748 assem.”

215 1776 257 1830 At
267 1776 299 1832 ni
310 1776 341 1832 id
351 1777 386 1832 fit
397 1775 467 1848 quid
478 1775 564 1829 habet
574 1774 687 1845 pulchri
700 1777 878 1829 constructus
890 1772 1022 1828 acervuel

215 1857 304 1912 Millia
314 1856 451 1912 frumenti
461 1858 512 1910 tua
522 1855 636 1910 triverit
647 1873 710 1910 area
721 1857 845 1925 centum,

215 1938 281 1993 Non
291 1943 360 1995 tuus
372 1940 425 1993 hoc
437 1938 529 2009 capiet
540 1941 639 1992 venter
649 1938 714 2007 plus
725 1954 757 1992 ac
768 1954 862 1993 meus:
879 1938 913 1990 ut
924 1936 951 1990 ai

216 2020 376 2075 Reticulum
386 2019 467 2091 panis
478 2018 591 2073 venales
602 2019 677 2072 inter
689 2020 791 2073 onusto

216 2100 300 2155 Forte
312 2100 398 2156 vehas
409 2100 536 2169 humero,
548 2099 637 2154 nihilo
649 2098 714 2170 plus
725 2097 845 2170 accipias
858 2114 943 2168 quam

216 2181 272 2249 Qui
282 2182 324 2236 nil
334 2182 461 2251 portarit.
495 2181 549 2237 Vel
561 2180 607 2236 dic
618 2180 687 2251 quid
698 2178 800 2237 referat
811 2180 887 2235 intra

215 2261 340 2317 Naturae
351 2264 421 2317 finee
432 2263 547 2332 viventi,
556 2263 654 2333 jugera
666 2266 827 2317 centuman
859 2294 861 2301 =
1084 2264 1122 2315 50

216 2342 293 2399 Mille
303 2342 380 2397 aretl
416 2343 482 2397 “At
494 2360 579 2397 suave
592 2346 636 2397 est
648 2360 682 2397 ex
694 2359 794 2413 magno
805 2341 903 2396 tollere
915 2341 1037 2396 acervo.’'

215 2422 293 2477 Dum
304 2441 339 2479 ex
349 2441 436 2495 parvo
447 2424 529 2479 nobie
540 2422 709 2479 tantundem
719 2423 832 2478 haurire
843 2422 995 2493 relinquaa,

216 2502 275 2559 Gur
284 2507 335 2559 tua
345 2505 411 2575 plue
422 2503 519 2560 laudes
531 2504 652 2559 cumeris
664 2503 789 2573 granarm
800 2501 925 2557 nostriai

216 2584 259 2640 Ut
270 2585 324 2640 tibi
336 2586 362 2642 ai
374 2586 413 2640 ait
425 2603 496 2657 opus
507 2584 607 2655 liquidi
619 2602 676 2639 non
688 2584 809 2655 amplius
820 2601 898 2653 mna,

216 2665 270 2721 Vel
282 2665 390 2738 cyatho,
401 2669 431 2720 et
443 2666 527 2735 dicae,
541 2665 667 2735 “Magno
680 2664 714 2719 de
725 2664 840 2719 flumine
852 2664 949 2719 malim

216 2746 307 2814 Quam
318 2763 354 2801 ex
364 2746 419 2800 hoc
430 2745 565 2801 fonticulo
575 2744 745 2799 tantundem
757 2746 888 2803 sumere.''
917 2744 959 2801 Eo
970 2747 1005 2800 fit

216 2826 328 2882 Plenior
338 2826 492 2897 utaiquoa
504 2825 625 2880 delectet
637 2826 716 2895 copia
724 2825 803 2895 justo
991 2876 1000 2903 ⁸

218 2908 291 2963 Cum
302 2906 364 2977 ripa
375 2906 461 2961 simul
472 2906 584 2961 aurlaos
596 2906 667 2961 ierat
679 2906 799 2961 Aufidus
810 2922 879 2961 acer.
987 2918 991 2927 '

216 2987 258 3043 At
268 2988 318 3058 qui
329 2987 434 3042 tantuli
445 2989 508 3057 eget
519 2990 625 3058 quanto
637 2990 681 3041 eet
693 3004 763 3058 opus
775 2987 800 3041 ie
811 3003 903 3056 neque
914 2986 983 3041 limo

215 3068 369 3123 Turbatam
379 3067 475 3123 haurit
486 3084 587 3137 aquam
598 3084 688 3137 neque
700 3068 789 3123 vitam
800 3067 909 3121 amittit
920 3068 951 3121 in
962 3067 1056 3123 undis.
1088 3072 1123 3123 60

216 3148 341 3203 Athona
351 3166 417 3219 para
428 3147 576 3202 hominum
588 3146 706 3219 decepta
716 3147 846 3219 cupidine
858 3148 936 3217 falso,

217 3230 235 3258 “
241 3226 291 3280 Nil
301 3229 372 3282 satie
384 3228 451 3296 eet,”
462 3227 570 3296 inquit3
583 3230 601 3257 “
608 3228 675 3297 quia
686 3228 761 3284 tanti
773 3232 911 3299 quantum
923 3229 1029 3287 habeas
1040 3230 1105 3289 sia'’

217 3305 293 3375 Quid
303 3307 389 3362 facias
400 3308 459 3363 illil
493 3306 512 3363 J
513 3307 598 3364 ubeas
610 3308 745 3363 miserum
757 3326 817 3365 esse
829 3310 951 3367 libenter
