2342 3850
372 325 556 378 mmmm
569 333 591 381 L
605 331 629 379 1.
910 329 954 378 148

45 454 120 510 Molli
131 457 212 511 fulla
221 456 293 528 pede
304 457 349 512 eei
360 459 516 529 emptorem
526 455 641 514 inducat
651 454 787 528 hiantem,

45 537 125 603 Quod
136 540 273 610 pulchrae
284 540 388 608 olunes,
399 539 484 594 breve
495 539 571 610 quod
581 544 674 611 eaput,
685 539 772 596 ardua
783 539 884 594 oerv'lx.

44 617 266 676 Hooillireote:
283 639 320 675 ne
331 621 454 691 eorporis
465 621 573 691 optima
584 620 689 692 Lyonei
916 623 953 674 90

44 701 246 774 contemplere
257 702 353 771 oeulis,
364 702 496 773 Hypsaeo
506 702 612 756 oaeoior
623 701 672 756 illa

44 785 419 854 Quaemalasuntspeoles.
453 781 567 836 Oorus!
587 781 743 836 obraohia!
775 778 882 836 Verum

42 865 179 936 Depugis‚
190 868 300 933 nasuta,
311 864 391 919 brevi
407 863 494 917 latere
505 880 537 918 ao
548 863 620 934 pede
631 863 713 932 longo
725 864 776 917 esi.

43 944 190 1000 Matronae
201 948 312 1016 praeter
321 945 422 1000 iaoiem
432 944 475 998 nil
483 961 595 998 eernere
606 945 706 1014 possis,

44 1025 152 1095 Cetera,
164 1027 197 1080 ni
210 1026 290 1080 Galia
301 1028 355 1094 est,
366 1024 488 1080 demissa
497 1028 577 1079 vesle
588 1024 717 1095 tegentis.

44 1106 72 1160 si
83 1107 239 1162 interdicis
249 1109 338 1178 petes,
349 1107 423 1161 vello
434 1105 606 1160 circumdala
620 1106 698 1177 (nam
709 1107 740 1158 ie

43 1188 104 1245 Hoo
116 1189 186 1245 facil
197 1191 352 1261 insanum),
364 1190 470 1245 multae
481 1189 535 1243 tibi
547 1192 611 1243 lum
623 1188 745 1242 officient
756 1203 810 1257 res,

44 1272 192 1342 Custodes,
205 1273 311 1342 leoiioa,
324 1272 475 1341 ciniflones,
486 1272 634 1342 pumilae,

43 1354 88 1409 Ad
96 1356 170 1411 talos
182 1357 257 1410 stola
268 1354 389 1410 demissa
400 1358 431 1409 el
441 1355 611 1410 circumdala
622 1354 704 1425 palla,

43 1439 166 1494 Plurima
176 1457 250 1510 quae
262 1439 406 1493 invideant
417 1455 488 1510 pure
498 1453 630 1509 apparere
638 1435 694 1491 tibi
705 1451 773 1490 rem.
898 1437 950 1490 100

43 1522 140 1578 Altera
149 1524 193 1577 nil
205 1524 316 1578 obstat:
335 1523 400 1578 Coie
410 1522 465 1576 11111
476 1539 564 1592 paene
575 1520 670 1576 videre
682 1522 727 1574 esi

44 1604 85 1660 Ut
95 1606 213 1674 nudam,
223 1623 261 1660 ne
272 1623 351 1660 orure
361 1606 444 1675 malo,
455 1623 492 1660 ne
502 1605 542 1660 1111
553 1604 624 1675 pede
635 1603 713 1675 lurpi
724 1621 732 1670 3

43 1687 138 1743 Metiri
149 1690 242 1760 possis
254 1689 334 1743 ooulo
345 1689 427 1744 latus
460 1687 508 1743 An
519 1687 573 1743 libi
584 1687 674 1742 mavis

44 1771 163 1827 Insidias
175 1773 237 1826 fieri
248 1771 426 1843 pretiumque
438 1771 550 1826 avellier
560 1773 627 1825 aule

43 1855 133 1921 Quam
144 1873 268 1911 meroem
279 1854 409 1910 ostendii
442 1857 459 1886 “
470 1854 605 1926 leporem
616 1855 733 1907 venator
743 1854 777 1906 111
787 1849 844 1906 alte

44 1938 77 1994 In
88 1941 154 1995 nive
165 1942 301 2009 sociatim,
312 1940 439 2011 positum
450 1939 491 1994 sio
501 1942 615 2009 langere
626 1936 722 2005 nolil,’'

44 2023 144 2079 Cantul
156 2028 187 2079 et
197 2025 331 2095 apponit:
349 2026 367 2054 “
375 2023 456 2078 Meus
467 2025 512 2077 esi
523 2038 601 2076 amor
611 2020 678 2075 huio
689 2019 788 2074 similis
798 2038 806 2085 ;
816 2036 882 2075 nam

44 2105 207 2163 'liunsvolst
218 2109 250 2162 in
260 2107 353 2163 medio
364 2106 457 2178 posita
468 2110 498 2160 el
507 2104 645 2175 fugientia
654 2103 770 2174 oaplal.’'

43 2189 158 2246 Hieoine
168 2191 315 2246 versieulis
327 2207 423 2262 speras
433 2188 487 2244 libi
498 2206 581 2259 posse
593 2186 701 2242 dolores

43 2274 649 2345 Atqueaestuseurasquegrevesepeolore
662 2270 749 2342 pellil
894 2272 946 2325 110

42 2355 140 2413 Nonne
152 2358 334 2429 cupidinibus
344 2359 451 2411 statuat
462 2358 562 2410 natura
573 2353 689 2409 modum
700 2369 793 2424 quem,

43 2438 115 2505 Quid
124 2442 220 2496 latura
230 2440 286 2495 eibi
299 2439 367 2511 quid
379 2440 418 2494 111
429 2438 550 2493 dolitura
560 2440 702 2507 negatum,

42 2521 179 2587 Quaerere
190 2524 257 2595 plus
268 2522 383 2594 prodeei
395 2525 424 2577 el
435 2522 518 2577 inane
530 2520 691 2575 abscindere
702 2518 780 2574 soldo
790 2518 800 2572 1

41 2604 117 2662 Num
127 2607 183 2661 tibi
195 2624 262 2662 oum
273 2604 366 2661 fauoes
377 2606 435 2660 11111
446 2605 512 2660 sitis
523 2621 606 2659 auree
618 2603 728 2673 quaeris

41 2688 161 2745 Pooulal
178 2707 249 2745 num
261 2690 386 2744 esuriens
397 2688 508 2743 fastidis
519 2688 613 2742 omnia
624 2690 734 2758 praeter

40 2771 179 2828 Pavonem
186 2773 392 2842 rhombumque
403 2772 413 2827 1
436 2772 559 2825 'lumeni
567 2769 622 2824 libi
632 2788 696 2823 oum
707 2768 829 2839 inguina,
837 2784 906 2821 num
919 2767 944 2821 si

39 2856 149 2911 Ancilla
160 2860 212 2911 aut
222 2873 309 2911 verna
320 2858 365 2911 esi
375 2859 488 2927 praesto
500 2871 570 2925 puer
581 2854 705 2924 impetus
715 2852 746 2907 in
758 2869 842 2923 quem

39 2939 180 2995 Continuo
191 2941 242 2994 11111
253 2939 335 2994 malis
345 2939 484 3009 lentigine
495 2938 590 3008 rumpi
600 2936 610 2991 1

37 3020 102 3076 Non
114 3039 182 3093 ago:
199 3039 321 3092 namque
332 3021 485 3092 parabilem
495 3037 559 3075 amo
568 3034 700 3073 venerem
710 3016 881 3084 facilemque.

38 3105 127 3175 llum,
140 3110 160 3138 “
167 3105 236 3160 Posi
246 3105 351 3176 paulo,'’
365 3104 446 3160 “Sed
456 3104 570 3176 pluris,”
582 3106 600 3133 “
610 3101 639 3156 Si
652 3099 750 3155 exierit
762 3097 828 3165 vir‚”
891 3100 941 3150 120

37 3188 133 3260 Gallie,
144 3190 220 3244 hano
229 3189 409 3244 Philodemus
420 3188 461 3243 ait
472 3186 526 3241 sibi
538 3202 608 3256 quae
618 3199 709 3253 neque
720 3196 820 3251 magno

36 3270 99 3327 Stet
109 3273 204 3343 pretio
214 3289 307 3343 neque
318 3275 466 3327 ounoleiur
477 3287 541 3325 oum
553 3271 598 3323 esi
610 3266 690 3337 jussa
700 3263 802 3317 venire.

37 3352 162 3409 Candida
173 3357 303 3425 reeteque
314 3354 366 3419 eil5
383 3350 488 3408 munda
498 3351 633 3405 haetenus
645 3349 678 3401 111
689 3363 778 3416 neque
789 3344 870 3415 longa
