<?xml version="1.0" encoding="UTF-8"?>
<!DOCTYPE html PUBLIC "-//W3C//DTD XHTML 1.0 Transitional//EN"
    "http://www.w3.org/TR/xhtml1/DTD/xhtml1-transitional.dtd">
<html xmlns="http://www.w3.org/1999/xhtml" xml:lang="en" lang="en">
 <head>
  <title>
</title>
<meta http-equiv="Content-Type" content="text/html;charset=utf-8" />
  <meta name='ocr-system' content='tesseract 3.04.00' />
  <meta name='ocr-capabilities' content='ocr_page ocr_carea ocr_par ocr_line ocrx_word'/>
</head>
<body>
  <div class='ocr_page' id='page_1' title='image "./quintushoratius00scotgoog_0248.png"; bbox 0 0 2342 3850; ppageno 0'>
   <div class='ocr_carea' id='block_1_1' title="bbox 227 298 811 350">
    <p class='ocr_par' dir='ltr' id='par_1_1' title="bbox 227 298 811 350">
     <span class='ocr_line' id='line_1_1' title="bbox 227 298 811 350; baseline -0.003 -2"><span class='ocrx_word' id='word_1_1' title='bbox 227 304 273 350; x_wconf 74' lang='lat'>2³0</span> <span class='ocrx_word' id='word_1_2' title='bbox 546 298 683 347; x_wconf 77' lang='lat' dir='ltr'>Rosam</span> <span class='ocrx_word' id='word_1_3' title='bbox 696 299 811 347; x_wconf 73' lang='lat' dir='ltr'>ranem</span> 
     </span>
    </p>
   </div>
   <div class='ocr_carea' id='block_1_2' title="bbox 219 427 1158 2357">
    <p class='ocr_par' dir='ltr' id='par_1_2' title="bbox 226 427 886 498">
     <span class='ocr_line' id='line_1_2' title="bbox 226 427 886 498; baseline -0.006 -13"><span class='ocrx_word' id='word_1_4' title='bbox 226 431 355 487; x_wconf 89' lang='lat' dir='ltr'>Oderunt</span> <span class='ocrx_word' id='word_1_5' title='bbox 366 429 484 485; x_wconf 75' lang='lat' dir='ltr'><strong>hilarem</strong></span> <span class='ocrx_word' id='word_1_6' title='bbox 495 429 594 484; x_wconf 87' lang='lat' dir='ltr'>tristes</span> <span class='ocrx_word' id='word_1_7' title='bbox 605 429 777 498; x_wconf 87' lang='lat' dir='ltr'>tristemque</span> <span class='ocrx_word' id='word_1_8' title='bbox 789 427 886 498; x_wconf 88' lang='lat' dir='ltr'>jocosi,</span> 
     </span>
    </p>

    <p class='ocr_par' dir='ltr' id='par_1_3' title="bbox 226 509 909 580">
     <span class='ocr_line' id='line_1_3' title="bbox 226 509 909 580; baseline -0.007 -13"><span class='ocrx_word' id='word_1_9' title='bbox 226 511 361 567; x_wconf 87' lang='lat' dir='ltr'>Sedatum</span> <span class='ocrx_word' id='word_1_10' title='bbox 372 511 484 580; x_wconf 77' lang='lat' dir='ltr'>celeres,</span> <span class='ocrx_word' id='word_1_11' title='bbox 496 511 597 580; x_wconf 85' lang='lat' dir='ltr'>agilem</span> <span class='ocrx_word' id='word_1_12' title='bbox 608 526 767 578; x_wconf 88' lang='lat' dir='ltr'>navumque</span> <span class='ocrx_word' id='word_1_13' title='bbox 779 509 889 563; x_wconf 79' lang='lat' dir='ltr'>remissi</span> <span class='ocrx_word' id='word_1_14' title='bbox 902 528 909 574; x_wconf 88' lang='lat'>;</span> 
     </span>
    </p>

    <p class='ocr_par' dir='ltr' id='par_1_4' title="bbox 226 591 811 649">
     <span class='ocr_line' id='line_1_4' title="bbox 226 591 811 649; baseline -0.003 -2"><span class='ocrx_word' id='word_1_15' title='bbox 226 595 342 649; x_wconf 86' lang='lat' dir='ltr'>Potores</span> <span class='ocrx_word' id='word_1_16' title='bbox 352 593 443 648; x_wconf 90' lang='lat' dir='ltr'>bibuli</span> <span class='ocrx_word' id='word_1_17' title='bbox 455 593 547 647; x_wconf 90' lang='lat' dir='ltr'>media</span> <span class='ocrx_word' id='word_1_18' title='bbox 558 592 594 647; x_wconf 94' lang='lat' dir='ltr'>de</span> <span class='ocrx_word' id='word_1_19' title='bbox 605 595 688 646; x_wconf 89' lang='lat' dir='ltr'>nocte</span> <span class='ocrx_word' id='word_1_20' title='bbox 699 591 811 646; x_wconf 85' lang='lat' dir='ltr'>Falerni</span> 
     </span>
    </p>

    <p class='ocr_par' dir='ltr' id='par_1_5' title="bbox 225 672 909 744">
     <span class='ocr_line' id='line_1_5' title="bbox 225 672 909 744; baseline -0.001 -17"><span class='ocrx_word' id='word_1_21' title='bbox 225 674 353 730; x_wconf 90' lang='lat' dir='ltr'>Oderunt</span> <span class='ocrx_word' id='word_1_22' title='bbox 363 676 491 744; x_wconf 83' lang='lat' dir='ltr'>porrecta</span> <span class='ocrx_word' id='word_1_23' title='bbox 502 676 650 743; x_wconf 76' lang='lat' dir='ltr'><strong>negantem</strong></span> <span class='ocrx_word' id='word_1_24' title='bbox 662 673 770 744; x_wconf 88' lang='lat' dir='ltr'>pocula,</span> <span class='ocrx_word' id='word_1_25' title='bbox 782 672 909 741; x_wconf 85' lang='lat' dir='ltr'>quamvis</span> 
     </span>
    </p>

    <p class='ocr_par' dir='ltr' id='par_1_6' title="bbox 224 753 814 825">
     <span class='ocr_line' id='line_1_6' title="bbox 224 753 814 825; baseline 0 -17"><span class='ocrx_word' id='word_1_26' title='bbox 224 753 253 808; x_wconf 85' lang='lat' dir='ltr'>N</span> <span class='ocrx_word' id='word_1_27' title='bbox 254 758 386 808; x_wconf 85' lang='lat' dir='ltr'>coturnos</span> <span class='ocrx_word' id='word_1_28' title='bbox 394 754 473 825; x_wconf 86' lang='lat' dir='ltr'>jures</span> <span class='ocrx_word' id='word_1_29' title='bbox 484 757 515 808; x_wconf 90' lang='lat' dir='ltr'>te</span> <span class='ocrx_word' id='word_1_30' title='bbox 526 753 676 808; x_wconf 85' lang='lat' dir='ltr'>formidare</span> <span class='ocrx_word' id='word_1_31' title='bbox 688 771 814 825; x_wconf 85' lang='lat' dir='ltr'>vapores.</span> 
     </span>
    </p>

    <p class='ocr_par' dir='ltr' id='par_1_7' title="bbox 224 833 936 906">
     <span class='ocr_line' id='line_1_7' title="bbox 224 833 936 906; baseline 0 -18"><span class='ocrx_word' id='word_1_32' title='bbox 224 835 312 889; x_wconf 89' lang='lat' dir='ltr'><strong>Deme</strong></span> <span class='ocrx_word' id='word_1_33' title='bbox 322 834 470 906; x_wconf 87' lang='lat' dir='ltr'>supercilio</span> <span class='ocrx_word' id='word_1_34' title='bbox 481 835 587 890; x_wconf 92' lang='lat' dir='ltr'>nubem</span> <span class='ocrx_word' id='word_1_35' title='bbox 597 852 604 900; x_wconf 93' lang='lat'>;</span> <span class='ocrx_word' id='word_1_36' title='bbox 615 835 779 906; x_wconf 86' lang='lat' dir='ltr'>plerumque</span> <span class='ocrx_word' id='word_1_37' title='bbox 791 833 936 888; x_wconf 86' lang='lat' dir='ltr'>modestus</span> 
     </span>
    </p>

    <p class='ocr_par' dir='ltr' id='par_1_8' title="bbox 225 915 900 986">
     <span class='ocr_line' id='line_1_8' title="bbox 225 915 900 986; baseline 0 -18"><span class='ocrx_word' id='word_1_38' title='bbox 225 916 351 984; x_wconf 88' lang='lat' dir='ltr'>Occupat</span> <span class='ocrx_word' id='word_1_39' title='bbox 362 915 475 970; x_wconf 80' lang='lat' dir='ltr'>obscuri</span> <span class='ocrx_word' id='word_1_40' title='bbox 487 916 618 986; x_wconf 86' lang='lat' dir='ltr'>speciem,</span> <span class='ocrx_word' id='word_1_41' title='bbox 630 915 789 970; x_wconf 68' lang='lat' dir='ltr'>taciturnus</span> <span class='ocrx_word' id='word_1_42' title='bbox 801 915 900 969; x_wconf 88' lang='lat' dir='ltr'>acerbi.</span> 
     </span>
    </p>

    <p class='ocr_par' dir='ltr' id='par_1_9' title="bbox 224 995 871 1067">
     <span class='ocr_line' id='line_1_9' title="bbox 224 995 871 1067; baseline -0.002 -18"><span class='ocrx_word' id='word_1_43' title='bbox 224 997 303 1049; x_wconf 88' lang='lat' dir='ltr'>Inter</span> <span class='ocrx_word' id='word_1_44' title='bbox 315 999 416 1052; x_wconf 78' lang='lat' dir='ltr'>crmcta</span> <span class='ocrx_word' id='word_1_45' title='bbox 426 997 500 1066; x_wconf 84' lang='lat' dir='ltr'>leges</span> <span class='ocrx_word' id='word_1_46' title='bbox 512 1000 542 1050; x_wconf 91' lang='lat' dir='ltr'>et</span> <span class='ocrx_word' id='word_1_47' title='bbox 554 995 753 1067; x_wconf 73' lang='lat' dir='ltr'>percontabere</span> <span class='ocrx_word' id='word_1_48' title='bbox 765 995 871 1063; x_wconf 90' lang='lat' dir='ltr'>doctos,</span> 
     </span>
    </p>

    <p class='ocr_par' dir='ltr' id='par_1_10' title="bbox 224 1075 902 1147">
     <span class='ocr_line' id='line_1_10' title="bbox 224 1075 902 1147; baseline -0.001 -17"><span class='ocrx_word' id='word_1_49' title='bbox 224 1077 286 1142; x_wconf 91' lang='lat' dir='ltr'>Qua</span> <span class='ocrx_word' id='word_1_50' title='bbox 296 1077 405 1131; x_wconf 89' lang='lat' dir='ltr'>ratione</span> <span class='ocrx_word' id='word_1_51' title='bbox 417 1093 503 1147; x_wconf 87' lang='lat' dir='ltr'>queas</span> <span class='ocrx_word' id='word_1_52' title='bbox 513 1075 659 1131; x_wconf 74' lang='lat' dir='ltr'>traducere</span> <span class='ocrx_word' id='word_1_53' title='bbox 670 1075 773 1130; x_wconf 88' lang='lat' dir='ltr'>leniter</span> <span class='ocrx_word' id='word_1_54' title='bbox 784 1092 884 1129; x_wconf 86' lang='lat' dir='ltr'>aevum</span> <span class='ocrx_word' id='word_1_55' title='bbox 895 1094 902 1140; x_wconf 90' lang='lat'>;</span> 
     </span>
    </p>

    <p class='ocr_par' dir='ltr' id='par_1_11' title="bbox 223 1153 930 1229">
     <span class='ocr_line' id='line_1_11' title="bbox 223 1153 930 1229; baseline -0.001 -21"><span class='ocrx_word' id='word_1_56' title='bbox 223 1156 300 1210; x_wconf 87' lang='lat' dir='ltr'>Num</span> <span class='ocrx_word' id='word_1_57' title='bbox 311 1160 342 1212; x_wconf 91' lang='lat' dir='ltr'>te</span> <span class='ocrx_word' id='word_1_58' title='bbox 353 1174 465 1228; x_wconf 88' lang='lat' dir='ltr'>semper</span> <span class='ocrx_word' id='word_1_59' title='bbox 476 1158 559 1229; x_wconf 87' lang='lat' dir='ltr'>inops</span> <span class='ocrx_word' id='word_1_60' title='bbox 570 1157 659 1226; x_wconf 81' lang='lat' dir='ltr'>agitet</span> <span class='ocrx_word' id='word_1_61' title='bbox 669 1159 807 1225; x_wconf 84' lang='lat' dir='ltr'>vexetque</span> <span class='ocrx_word' id='word_1_62' title='bbox 820 1153 930 1225; x_wconf 88' lang='lat' dir='ltr'>cupido,</span> 
     </span>
    </p>

    <p class='ocr_par' dir='ltr' id='par_1_12' title="bbox 222 1236 955 1309">
     <span class='ocr_line' id='line_1_12' title="bbox 222 1236 955 1309; baseline -0.003 -18"><span class='ocrx_word' id='word_1_63' title='bbox 222 1237 250 1290; x_wconf 84' lang='lat' dir='ltr'>N</span> <span class='ocrx_word' id='word_1_64' title='bbox 251 1255 300 1293; x_wconf 91' lang='lat' dir='ltr'>um</span> <span class='ocrx_word' id='word_1_65' title='bbox 311 1255 399 1309; x_wconf 85' lang='lat' dir='ltr'>pavor</span> <span class='ocrx_word' id='word_1_66' title='bbox 411 1241 440 1292; x_wconf 91' lang='lat' dir='ltr'>et</span> <span class='ocrx_word' id='word_1_67' title='bbox 452 1256 547 1293; x_wconf 89' lang='lat' dir='ltr'>rerum</span> <span class='ocrx_word' id='word_1_68' title='bbox 557 1237 737 1292; x_wconf 76' lang='lat' dir='ltr'>mediocriter</span> <span class='ocrx_word' id='word_1_69' title='bbox 747 1236 861 1291; x_wconf 90' lang='lat' dir='ltr'>utilium</span> <span class='ocrx_word' id='word_1_70' title='bbox 873 1252 955 1306; x_wconf 89' lang='lat' dir='ltr'>spes;</span> 
     </span>
    </p>

    <p class='ocr_par' dir='ltr' id='par_1_13' title="bbox 222 1317 871 1390">
     <span class='ocr_line' id='line_1_13' title="bbox 222 1317 871 1390; baseline -0.005 -17"><span class='ocrx_word' id='word_1_71' title='bbox 222 1318 368 1374; x_wconf 85' lang='lat' dir='ltr'>Virtutem</span> <span class='ocrx_word' id='word_1_72' title='bbox 379 1318 508 1374; x_wconf 85' lang='lat' dir='ltr'>doctrine</span> <span class='ocrx_word' id='word_1_73' title='bbox 518 1322 607 1390; x_wconf 88' lang='lat' dir='ltr'>paret,</span> <span class='ocrx_word' id='word_1_74' title='bbox 620 1321 756 1373; x_wconf 78' lang='lat' dir='ltr'>naturane</span> <span class='ocrx_word' id='word_1_75' title='bbox 769 1317 871 1382; x_wconf 89' lang='lat' dir='ltr'>donet;</span> 
     </span>
    </p>

    <p class='ocr_par' dir='ltr' id='par_1_14' title="bbox 222 1396 966 1470">
     <span class='ocr_line' id='line_1_14' title="bbox 222 1396 966 1470; baseline -0.003 -18"><span class='ocrx_word' id='word_1_76' title='bbox 222 1399 297 1465; x_wconf 83' lang='lat' dir='ltr'>Quid</span> <span class='ocrx_word' id='word_1_77' title='bbox 307 1400 418 1454; x_wconf 87' lang='lat' dir='ltr'>minuat</span> <span class='ocrx_word' id='word_1_78' title='bbox 429 1417 517 1468; x_wconf 82' lang='lat' dir='ltr'>cures,</span> <span class='ocrx_word' id='word_1_79' title='bbox 529 1399 599 1470; x_wconf 92' lang='lat' dir='ltr'>quid</span> <span class='ocrx_word' id='word_1_80' title='bbox 610 1402 640 1452; x_wconf 90' lang='lat' dir='ltr'>te</span> <span class='ocrx_word' id='word_1_81' title='bbox 650 1398 706 1452; x_wconf 90' lang='lat' dir='ltr'>tibi</span> <span class='ocrx_word' id='word_1_82' title='bbox 718 1397 817 1452; x_wconf 90' lang='lat' dir='ltr'>reddat</span> <span class='ocrx_word' id='word_1_83' title='bbox 829 1396 966 1463; x_wconf 88' lang='lat' dir='ltr'>amicum;</span> 
     </span>
    </p>

    <p class='ocr_par' dir='ltr' id='par_1_15' title="bbox 222 1478 953 1551">
     <span class='ocr_line' id='line_1_15' title="bbox 222 1478 953 1551; baseline -0.001 -16"><span class='ocrx_word' id='word_1_84' title='bbox 222 1480 297 1547; x_wconf 87' lang='lat' dir='ltr'>Quid</span> <span class='ocrx_word' id='word_1_85' title='bbox 307 1498 376 1551; x_wconf 89' lang='lat' dir='ltr'>pure</span> <span class='ocrx_word' id='word_1_86' title='bbox 387 1481 558 1551; x_wconf 81' lang='lat' dir='ltr'>tranquillet,</span> <span class='ocrx_word' id='word_1_87' title='bbox 570 1480 660 1534; x_wconf 91' lang='lat' dir='ltr'>honos</span> <span class='ocrx_word' id='word_1_88' title='bbox 672 1496 709 1533; x_wconf 83' lang='lat' dir='ltr'>an</span> <span class='ocrx_word' id='word_1_89' title='bbox 721 1479 801 1533; x_wconf 92' lang='lat' dir='ltr'>dulce</span> <span class='ocrx_word' id='word_1_90' title='bbox 813 1478 953 1547; x_wconf 85' lang='lat' dir='ltr'>lucellum,</span> 
     </span>
    </p>

    <p class='ocr_par' dir='ltr' id='par_1_16' title="bbox 222 1561 873 1616">
     <span class='ocr_line' id='line_1_16' title="bbox 222 1561 873 1616; baseline 0 -2"><span class='ocrx_word' id='word_1_91' title='bbox 222 1561 269 1614; x_wconf 83' lang='lat' dir='ltr'>An</span> <span class='ocrx_word' id='word_1_92' title='bbox 281 1564 422 1616; x_wconf 83' lang='lat' dir='ltr'>secretum</span> <span class='ocrx_word' id='word_1_93' title='bbox 433 1563 490 1616; x_wconf 92' lang='lat' dir='ltr'>iter</span> <span class='ocrx_word' id='word_1_94' title='bbox 502 1563 531 1615; x_wconf 90' lang='lat' dir='ltr'>et</span> <span class='ocrx_word' id='word_1_95' title='bbox 542 1561 666 1615; x_wconf 87' lang='lat' dir='ltr'>fallentis</span> <span class='ocrx_word' id='word_1_96' title='bbox 678 1561 780 1614; x_wconf 88' lang='lat' dir='ltr'>semita</span> <span class='ocrx_word' id='word_1_97' title='bbox 792 1561 873 1614; x_wconf 86' lang='lat' dir='ltr'>vitae.</span> 
     </span>
    </p>

    <p class='ocr_par' dir='ltr' id='par_1_17' title="bbox 219 1640 1158 2274">
     <span class='ocr_line' id='line_1_17' title="bbox 222 1640 1158 1712; baseline 0 -19"><span class='ocrx_word' id='word_1_98' title='bbox 222 1641 267 1694; x_wconf 88' lang='lat' dir='ltr'>Me</span> <span class='ocrx_word' id='word_1_99' title='bbox 279 1641 390 1711; x_wconf 90' lang='lat' dir='ltr'>quoties</span> <span class='ocrx_word' id='word_1_100' title='bbox 401 1642 491 1696; x_wconf 80' lang='lat' dir='ltr'>reiicit</span> <span class='ocrx_word' id='word_1_101' title='bbox 502 1640 610 1710; x_wconf 85' lang='lat' dir='ltr'>gelidus</span> <span class='ocrx_word' id='word_1_102' title='bbox 621 1641 753 1710; x_wconf 86' lang='lat' dir='ltr'>Digentia</span> <span class='ocrx_word' id='word_1_103' title='bbox 765 1641 852 1709; x_wconf 88' lang='lat' dir='ltr'>rivus,</span> <span class='ocrx_word' id='word_1_104' title='bbox 1157 1687 1158 1712; x_wconf 26' lang='lat'>¹</span> 
     </span>
     <span class='ocr_line' id='line_1_18' title="bbox 222 1713 1158 1802; baseline -0.001 -26"><span class='ocrx_word' id='word_1_105' title='bbox 222 1722 313 1789; x_wconf 89' lang='lat' dir='ltr'>Quem</span> <span class='ocrx_word' id='word_1_106' title='bbox 324 1720 453 1777; x_wconf 88' lang='lat' dir='ltr'>Mandela</span> <span class='ocrx_word' id='word_1_107' title='bbox 464 1722 546 1790; x_wconf 88' lang='lat' dir='ltr'>bibit,</span> <span class='ocrx_word' id='word_1_108' title='bbox 558 1738 676 1792; x_wconf 87' lang='lat' dir='ltr'>rugosus</span> <span class='ocrx_word' id='word_1_109' title='bbox 688 1720 790 1792; x_wconf 87' lang='lat' dir='ltr'>frigore</span> <span class='ocrx_word' id='word_1_110' title='bbox 802 1739 898 1792; x_wconf 87' lang='lat' dir='ltr'>pagus,</span> <span class='ocrx_word' id='word_1_111' title='bbox 1157 1713 1158 1802; x_wconf 64' lang='lat' dir='ltr'>l</span> 
     </span>
     <span class='ocr_line' id='line_1_19' title="bbox 222 1801 1158 1879; baseline -0.001 -23"><span class='ocrx_word' id='word_1_112' title='bbox 222 1802 297 1869; x_wconf 83' lang='lat' dir='ltr'>Quid</span> <span class='ocrx_word' id='word_1_113' title='bbox 309 1803 415 1858; x_wconf 90' lang='lat' dir='ltr'>sentire</span> <span class='ocrx_word' id='word_1_114' title='bbox 425 1802 529 1874; x_wconf 80' lang='lat' dir='ltr'>putaet</span> <span class='ocrx_word' id='word_1_115' title='bbox 547 1802 617 1872; x_wconf 91' lang='lat' dir='ltr'>quid</span> <span class='ocrx_word' id='word_1_116' title='bbox 629 1802 727 1870; x_wconf 85' lang='lat' dir='ltr'>credis,</span> <span class='ocrx_word' id='word_1_117' title='bbox 739 1802 835 1870; x_wconf 88' lang='lat' dir='ltr'>amice,</span> <span class='ocrx_word' id='word_1_118' title='bbox 848 1801 975 1873; x_wconf 74' lang='lat' dir='ltr'>precarii</span> <span class='ocrx_word' id='word_1_119' title='bbox 1157 1815 1158 1879; x_wconf 55' lang='lat' dir='ltr'>l</span> 
     </span>
     <span class='ocr_line' id='line_1_20' title="bbox 221 1881 1158 1954; baseline -0.001 -17"><span class='ocrx_word' id='word_1_120' title='bbox 221 1883 266 1937; x_wconf 89' lang='lat' dir='ltr'>Sit</span> <span class='ocrx_word' id='word_1_121' title='bbox 277 1883 349 1937; x_wconf 90' lang='lat' dir='ltr'>mihi</span> <span class='ocrx_word' id='word_1_122' title='bbox 360 1883 436 1954; x_wconf 92' lang='lat' dir='ltr'>quod</span> <span class='ocrx_word' id='word_1_123' title='bbox 447 1900 523 1939; x_wconf 92' lang='lat' dir='ltr'>nunc</span> <span class='ocrx_word' id='word_1_124' title='bbox 534 1885 586 1952; x_wconf 90' lang='lat' dir='ltr'>est,</span> <span class='ocrx_word' id='word_1_125' title='bbox 600 1883 686 1937; x_wconf 90' lang='lat' dir='ltr'>etiam</span> <span class='ocrx_word' id='word_1_126' title='bbox 697 1883 809 1949; x_wconf 88' lang='lat' dir='ltr'>minus;</span> <span class='ocrx_word' id='word_1_127' title='bbox 822 1882 933 1937; x_wconf 91' lang='lat' dir='ltr'>etmihi</span> <span class='ocrx_word' id='word_1_128' title='bbox 946 1882 1040 1937; x_wconf 86' lang='lat' dir='ltr'>vivam</span> <span class='ocrx_word' id='word_1_129' title='bbox 1157 1881 1158 1900; x_wconf 67' lang='lat'>¹</span> 
     </span>
     <span class='ocr_line' id='line_1_21' title="bbox 222 1946 1158 2036; baseline -0.003 -17"><span class='ocrx_word' id='word_1_130' title='bbox 222 1964 303 2029; x_wconf 88' lang='lat' dir='ltr'>Quod</span> <span class='ocrx_word' id='word_1_131' title='bbox 314 1967 442 2036; x_wconf 87' lang='lat' dir='ltr'>superest</span> <span class='ocrx_word' id='word_1_132' title='bbox 454 1962 642 2034; x_wconf 88' lang='lat' dir='ltr'>aevi,siquid</span> <span class='ocrx_word' id='word_1_133' title='bbox 654 1980 798 2034; x_wconf 85' lang='lat' dir='ltr'>superesse</span> <span class='ocrx_word' id='word_1_134' title='bbox 810 1963 971 2029; x_wconf 86' lang='lat' dir='ltr'>voluntdi;</span> <span class='ocrx_word' id='word_1_135' title='bbox 1157 1946 1158 2025; x_wconf 77' lang='lat' dir='ltr'>l</span> 
     </span>
     <span class='ocr_line' id='line_1_22' title="bbox 222 2044 1158 2114; baseline -0.001 -17"><span class='ocrx_word' id='word_1_136' title='bbox 222 2044 266 2097; x_wconf 83' lang='lat' dir='ltr'>Sit</span> <span class='ocrx_word' id='word_1_137' title='bbox 278 2044 351 2099; x_wconf 89' lang='lat' dir='ltr'>bona</span> <span class='ocrx_word' id='word_1_138' title='bbox 360 2045 498 2100; x_wconf 86' lang='lat' dir='ltr'>librorum</span> <span class='ocrx_word' id='word_1_139' title='bbox 510 2048 540 2099; x_wconf 93' lang='lat' dir='ltr'>et</span> <span class='ocrx_word' id='word_1_140' title='bbox 551 2044 679 2114; x_wconf 89' lang='lat' dir='ltr'>provisae</span> <span class='ocrx_word' id='word_1_141' title='bbox 690 2044 779 2114; x_wconf 85' lang='lat' dir='ltr'>frugis</span> <span class='ocrx_word' id='word_1_142' title='bbox 789 2045 821 2098; x_wconf 92' lang='lat' dir='ltr'>in</span> <span class='ocrx_word' id='word_1_143' title='bbox 833 2060 939 2097; x_wconf 89' lang='lat' dir='ltr'>annum</span> <span class='ocrx_word' id='word_1_144' title='bbox 1157 2084 1158 2111; x_wconf 66' lang='lat'>3</span> 
     </span>
     <span class='ocr_line' id='line_1_23' title="bbox 221 2118 1158 2196; baseline 0 -19"><span class='ocrx_word' id='word_1_145' title='bbox 221 2125 316 2195; x_wconf 81' lang='lat' dir='ltr'>Copia,</span> <span class='ocrx_word' id='word_1_146' title='bbox 327 2143 384 2180; x_wconf 91' lang='lat' dir='ltr'>neu</span> <span class='ocrx_word' id='word_1_147' title='bbox 395 2124 505 2179; x_wconf 89' lang='lat' dir='ltr'>fluitem</span> <span class='ocrx_word' id='word_1_148' title='bbox 517 2124 618 2179; x_wconf 90' lang='lat' dir='ltr'>dubiae</span> <span class='ocrx_word' id='word_1_149' title='bbox 630 2142 680 2195; x_wconf 85' lang='lat' dir='ltr'>spe</span> <span class='ocrx_word' id='word_1_150' title='bbox 693 2124 832 2196; x_wconf 87' lang='lat' dir='ltr'>pendulus</span> <span class='ocrx_word' id='word_1_151' title='bbox 843 2124 934 2178; x_wconf 89' lang='lat' dir='ltr'>horae.</span> <span class='ocrx_word' id='word_1_152' title='bbox 1077 2129 1131 2180; x_wconf 87' lang='lat'>110</span> <span class='ocrx_word' id='word_1_153' title='bbox 1157 2118 1158 2177; x_wconf 78' lang='lat' dir='ltr'>l</span> 
     </span>
     <span class='ocr_line' id='line_1_24' title="bbox 219 2203 958 2274; baseline 0 -17"><span class='ocrx_word' id='word_1_154' title='bbox 219 2203 274 2257; x_wconf 81' lang='lat' dir='ltr'>Sed</span> <span class='ocrx_word' id='word_1_155' title='bbox 285 2206 355 2258; x_wconf 91' lang='lat' dir='ltr'>satis</span> <span class='ocrx_word' id='word_1_156' title='bbox 366 2208 411 2259; x_wconf 89' lang='lat' dir='ltr'>est</span> <span class='ocrx_word' id='word_1_157' title='bbox 422 2222 501 2259; x_wconf 89' lang='lat' dir='ltr'>orare</span> <span class='ocrx_word' id='word_1_158' title='bbox 511 2205 530 2259; x_wconf 84' lang='lat' dir='ltr'><strong>J</strong></span> <span class='ocrx_word' id='word_1_159' title='bbox 532 2222 613 2259; x_wconf 84' lang='lat' dir='ltr'>ovem</span> <span class='ocrx_word' id='word_1_160' title='bbox 625 2222 695 2274; x_wconf 89' lang='lat' dir='ltr'>quae</span> <span class='ocrx_word' id='word_1_161' title='bbox 708 2203 795 2258; x_wconf 86' lang='lat' dir='ltr'>donat</span> <span class='ocrx_word' id='word_1_162' title='bbox 807 2208 836 2258; x_wconf 90' lang='lat' dir='ltr'>et</span> <span class='ocrx_word' id='word_1_163' title='bbox 848 2203 940 2257; x_wconf 83' lang='lat' dir='ltr'>aufert</span> <span class='ocrx_word' id='word_1_164' title='bbox 952 2222 958 2257; x_wconf 93' lang='lat'><strong>:</strong></span> 
     </span>
    </p>

    <p class='ocr_par' dir='ltr' id='par_1_18' title="bbox 220 2282 1158 2357">
     <span class='ocr_line' id='line_1_25' title="bbox 220 2282 1158 2357; baseline 0.002 -21"><span class='ocrx_word' id='word_1_165' title='bbox 220 2284 276 2337; x_wconf 85' lang='lat' dir='ltr'>Det</span> <span class='ocrx_word' id='word_1_166' title='bbox 287 2286 384 2354; x_wconf 86' lang='lat' dir='ltr'>vitam,</span> <span class='ocrx_word' id='word_1_167' title='bbox 397 2285 446 2341; x_wconf 94' lang='lat' dir='ltr'>det</span> <span class='ocrx_word' id='word_1_168' title='bbox 457 2303 533 2357; x_wconf 87' lang='lat' dir='ltr'>opes,</span> <span class='ocrx_word' id='word_1_169' title='bbox 545 2303 666 2356; x_wconf 90' lang='lat' dir='ltr'>aequum</span> <span class='ocrx_word' id='word_1_170' title='bbox 678 2286 718 2340; x_wconf 94' lang='lat' dir='ltr'>mi</span> <span class='ocrx_word' id='word_1_171' title='bbox 730 2286 855 2339; x_wconf 91' lang='lat' dir='ltr'>animum</span> <span class='ocrx_word' id='word_1_172' title='bbox 867 2286 928 2356; x_wconf 87' lang='lat' dir='ltr'>ipse</span> <span class='ocrx_word' id='word_1_173' title='bbox 939 2284 1050 2355; x_wconf 82' lang='lat' dir='ltr'>parabo.</span> <span class='ocrx_word' id='word_1_174' title='bbox 1157 2282 1158 2355; x_wconf 48' lang='grc' dir='ltr'>ᾗ</span> 
     </span>
    </p>
   </div>
   <div class='ocr_carea' id='block_1_3' title="bbox 216 2759 992 3393">
    <p class='ocr_par' dir='ltr' id='par_1_19' title="bbox 219 2759 864 2830">
     <span class='ocr_line' id='line_1_26' title="bbox 219 2759 864 2830; baseline 0 -15"><span class='ocrx_word' id='word_1_175' title='bbox 219 2760 322 2815; x_wconf 79' lang='lat' dir='ltr'>Pareae</span> <span class='ocrx_word' id='word_1_176' title='bbox 333 2760 359 2814; x_wconf 88' lang='lat' dir='ltr'>si</span> <span class='ocrx_word' id='word_1_177' title='bbox 371 2760 469 2828; x_wconf 89' lang='lat' dir='ltr'>credis,</span> <span class='ocrx_word' id='word_1_178' title='bbox 481 2759 626 2815; x_wconf 86' lang='lat' dir='ltr'>Maecenas</span> <span class='ocrx_word' id='word_1_179' title='bbox 638 2760 728 2829; x_wconf 78' lang='lat' dir='ltr'>docte,</span> <span class='ocrx_word' id='word_1_180' title='bbox 742 2760 864 2830; x_wconf 74' lang='lat' dir='ltr'>Oratim,</span> 
     </span>
    </p>

    <p class='ocr_par' dir='ltr' id='par_1_20' title="bbox 218 2839 992 3072">
     <span class='ocr_line' id='line_1_27' title="bbox 218 2839 914 2911; baseline 0.001 -17"><span class='ocrx_word' id='word_1_181' title='bbox 218 2841 303 2896; x_wconf 86' lang='lat' dir='ltr'>Nulla</span> <span class='ocrx_word' id='word_1_182' title='bbox 314 2841 421 2911; x_wconf 79' lang='lat' dir='ltr'>placere</span> <span class='ocrx_word' id='word_1_183' title='bbox 433 2839 482 2894; x_wconf 91' lang='lat' dir='ltr'>diu</span> <span class='ocrx_word' id='word_1_184' title='bbox 493 2857 545 2893; x_wconf 93' lang='lat' dir='ltr'>nec</span> <span class='ocrx_word' id='word_1_185' title='bbox 556 2841 649 2894; x_wconf 84' lang='lat' dir='ltr'>vivere</span> <span class='ocrx_word' id='word_1_186' title='bbox 661 2842 783 2895; x_wconf 89' lang='lat' dir='ltr'>carmina</span> <span class='ocrx_word' id='word_1_187' title='bbox 794 2844 914 2911; x_wconf 82' lang='lat' dir='ltr'>possunt</span> 
     </span>
     <span class='ocr_line' id='line_1_28' title="bbox 219 2920 992 2991; baseline 0.004 -16"><span class='ocrx_word' id='word_1_188' title='bbox 219 2922 295 2988; x_wconf 83' lang='lat' dir='ltr'>Quae</span> <span class='ocrx_word' id='word_1_189' title='bbox 307 2920 469 2976; x_wconf 89' lang='lat' dir='ltr'>scribuntur</span> <span class='ocrx_word' id='word_1_190' title='bbox 479 2936 567 2989; x_wconf 89' lang='lat' dir='ltr'>aquae</span> <span class='ocrx_word' id='word_1_191' title='bbox 579 2922 733 2991; x_wconf 90' lang='lat' dir='ltr'>potoribus.</span> <span class='ocrx_word' id='word_1_192' title='bbox 769 2921 812 2977; x_wconf 91' lang='lat' dir='ltr'>Ut</span> <span class='ocrx_word' id='word_1_193' title='bbox 824 2924 895 2977; x_wconf 89' lang='lat' dir='ltr'>male</span> <span class='ocrx_word' id='word_1_194' title='bbox 909 2939 992 2979; x_wconf 87' lang='lat' dir='ltr'>sanos</span> 
     </span>
     <span class='ocr_line' id='line_1_29' title="bbox 219 3001 879 3072; baseline 0.003 -18"><span class='ocrx_word' id='word_1_195' title='bbox 219 3001 381 3072; x_wconf 86' lang='lat' dir='ltr'>Adscripsit</span> <span class='ocrx_word' id='word_1_196' title='bbox 392 3001 476 3055; x_wconf 90' lang='lat' dir='ltr'>Liber</span> <span class='ocrx_word' id='word_1_197' title='bbox 488 3001 597 3071; x_wconf 85' lang='lat' dir='ltr'>Satyris</span> <span class='ocrx_word' id='word_1_198' title='bbox 609 3001 768 3072; x_wconf 89' lang='lat' dir='ltr'>Faunisque</span> <span class='ocrx_word' id='word_1_199' title='bbox 780 3006 879 3072; x_wconf 74' lang='lat' dir='ltr'>poetas</span> 
     </span>
    </p>

    <p class='ocr_par' dir='ltr' id='par_1_21' title="bbox 216 3081 946 3393">
     <span class='ocr_line' id='line_1_30' title="bbox 220 3081 865 3137; baseline 0.005 -3"><span class='ocrx_word' id='word_1_200' title='bbox 220 3081 295 3136; x_wconf 88' lang='lat' dir='ltr'>Vina</span> <span class='ocrx_word' id='word_1_201' title='bbox 306 3082 364 3135; x_wconf 87' lang='lat' dir='ltr'>fere</span> <span class='ocrx_word' id='word_1_202' title='bbox 376 3081 473 3135; x_wconf 86' lang='lat' dir='ltr'>dulces</span> <span class='ocrx_word' id='word_1_203' title='bbox 484 3082 615 3135; x_wconf 89' lang='lat' dir='ltr'>oluerunt</span> <span class='ocrx_word' id='word_1_204' title='bbox 626 3098 709 3136; x_wconf 88' lang='lat' dir='ltr'>mane</span> <span class='ocrx_word' id='word_1_205' title='bbox 722 3082 865 3137; x_wconf 80' lang='lat' dir='ltr'>Camenae.</span> 
     </span>
     <span class='ocr_line' id='line_1_31' title="bbox 218 3160 873 3230; baseline 0.008 -18"><span class='ocrx_word' id='word_1_206' title='bbox 218 3160 361 3214; x_wconf 82' lang='lat' dir='ltr'>Laudibus</span> <span class='ocrx_word' id='word_1_207' title='bbox 372 3162 499 3230; x_wconf 80' lang='lat' dir='ltr'>arguitur</span> <span class='ocrx_word' id='word_1_208' title='bbox 511 3162 570 3214; x_wconf 86' lang='lat' dir='ltr'>vini</span> <span class='ocrx_word' id='word_1_209' title='bbox 582 3161 699 3217; x_wconf 77' lang='lat' dir='ltr'>vinosus</span> <span class='ocrx_word' id='word_1_210' title='bbox 712 3163 852 3217; x_wconf 87' lang='lat' dir='ltr'>Homerus</span> <span class='ocrx_word' id='word_1_211' title='bbox 866 3182 873 3229; x_wconf 90' lang='lat'>;</span> 
     </span>
     <span class='ocr_line' id='line_1_32' title="bbox 216 3235 946 3313; baseline 0.015 -26"><span class='ocrx_word' id='word_1_212' title='bbox 216 3235 325 3291; x_wconf 83' lang='lat' dir='ltr'>Ennius</span> <span class='ocrx_word' id='word_1_213' title='bbox 337 3239 397 3307; x_wconf 89' lang='lat' dir='ltr'>ipse</span> <span class='ocrx_word' id='word_1_214' title='bbox 408 3243 490 3309; x_wconf 90' lang='lat' dir='ltr'>pater</span> <span class='ocrx_word' id='word_1_215' title='bbox 501 3258 646 3310; x_wconf 88' lang='lat' dir='ltr'>nunquam</span> <span class='ocrx_word' id='word_1_216' title='bbox 658 3244 714 3297; x_wconf 88' lang='lat' dir='ltr'>nisi</span> <span class='ocrx_word' id='word_1_217' title='bbox 726 3246 811 3313; x_wconf 87' lang='lat' dir='ltr'>potus</span> <span class='ocrx_word' id='word_1_218' title='bbox 823 3242 859 3297; x_wconf 90' lang='lat' dir='ltr'>ad</span> <span class='ocrx_word' id='word_1_219' title='bbox 870 3260 946 3298; x_wconf 89' lang='lat' dir='ltr'>arma</span> 
     </span>
     <span class='ocr_line' id='line_1_33' title="bbox 216 3313 945 3393; baseline 0.021 -29"><span class='ocrx_word' id='word_1_220' title='bbox 216 3313 349 3369; x_wconf 87' lang='lat' dir='ltr'>Prosiluit</span> <span class='ocrx_word' id='word_1_221' title='bbox 361 3317 485 3375; x_wconf 86' lang='lat' dir='ltr'>dicenda.</span> <span class='ocrx_word' id='word_1_222' title='bbox 521 3322 539 3352; x_wconf 86' lang='lat'>“</span> <span class='ocrx_word' id='word_1_223' title='bbox 546 3320 651 3375; x_wconf 87' lang='lat' dir='ltr'>Forum</span> <span class='ocrx_word' id='word_1_224' title='bbox 663 3323 817 3393; x_wconf 88' lang='lat' dir='ltr'>putealque</span> <span class='ocrx_word' id='word_1_225' title='bbox 830 3324 945 3379; x_wconf 84' lang='lat' dir='ltr'>Libonis</span> 
     </span>
    </p>
   </div>
   <div class='ocr_carea' id='block_1_4' title="bbox 0 0 1176 3850">
    <p class='ocr_par' dir='ltr' id='par_1_22' title="bbox 0 0 1176 3850">
     <span class='ocr_line' id='line_1_34' title="bbox 0 0 1176 3850; baseline 0 2"><span class='ocrx_word' id='word_1_226' title='bbox 0 0 1176 3850; x_wconf 95' lang='lat' dir='ltr'> </span> 
     </span>
    </p>
   </div>
   <div class='ocr_carea' id='block_1_5' title="bbox 634 2590 1158 3389">
    <p class='ocr_par' dir='ltr' id='par_1_23' title="bbox 634 2516 1158 3389">
     <span class='ocr_line' id='line_1_35' title="bbox 634 2590 713 2645; baseline -0.002 0"><span class='ocrx_word' id='word_1_227' title='bbox 634 2590 713 2645; x_wconf 88' lang='lat' dir='ltr'>XIX.</span> 
     </span>
     <span class='ocr_line' id='line_1_36' title="bbox 1157 2694 1158 2745; baseline 0 0"><span class='ocrx_word' id='word_1_228' title='bbox 1157 2694 1158 2745; x_wconf 81' lang='lat' dir='ltr'>l</span> 
     </span>
     <span class='ocr_line' id='line_1_37' title="bbox 1157 3228 1158 3299; baseline 0 0"><span class='ocrx_word' id='word_1_229' title='bbox 1157 3228 1158 3299; x_wconf 73' lang='lat' dir='ltr'>l</span> 
     </span>
     <span class='ocr_line' id='line_1_38' title="bbox 1157 3300 1158 3389; baseline 0 -18"><span class='ocrx_word' id='word_1_230' title='bbox 1157 3300 1158 3389; x_wconf 70' lang='lat' dir='ltr'>l</span> 
     </span>
    </p>
   </div>
  </div>
 </body>
</html>
