2342 3850
387 319 514 367 EPODON
528 319 631 379 LIBER,
645 323 667 368 9.

179 450 312 504 Illiterati
322 466 392 503 num
403 451 497 504 minus
508 451 587 504 nervi
598 451 698 520 rigent,

215 531 344 585 Minusve
355 531 468 600 languet
478 531 617 585 fascinum
628 531 637 585 i

181 614 264 679 Quod
274 616 309 668 ut
319 613 442 682 superbo
453 628 584 682 provoces
596 612 631 666 ab
643 611 764 682 inguine,

217 693 272 750 0oe
282 693 491 748 allaborandum
502 696 547 747 est
557 692 619 746 tibi

502 1009 552 1062 IX.

181 1173 310 1238 Quirino
321 1174 466 1242 repostum
479 1171 638 1226 Caecubum
650 1172 685 1226 od
696 1171 781 1226 festus
793 1172 877 1242 depes

217 1254 332 1308 Victore
343 1253 435 1307 laetus
447 1252 563 1306 Caesare

181 1334 287 1388 Tecum
299 1332 353 1387 sub
365 1332 497 1387 elta-sio
508 1333 526 1386 J
528 1333 573 1387 ovi
585 1333 822 1402 gratum-domo,

217 1415 305 1468 Beate
315 1414 468 1481 Maecenas,
479 1413 575 1468 bibam

183 1496 308 1550 Sonanto
319 1496 443 1548 mixtum
454 1494 534 1549 tibiis
546 1510 658 1548 carmen
670 1494 745 1564 lyrae

218 1576 280 1630 Hoc
292 1575 419 1643 Dorium,
431 1575 487 1628 iilis
498 1574 669 1629 barbarum?

184 1657 228 1711 Ut
239 1673 339 1726 nuper,
351 1659 431 1708 actus
443 1672 508 1710 cum
519 1655 592 1709 freto
603 1654 765 1726 Neptunius

218 1737 285 1790 Dux
296 1736 370 1806 fugit
381 1735 454 1789 ustis
465 1735 593 1804 navibus,

184 1817 312 1872 Minatus
323 1815 397 1871 Urbi
405 1817 507 1884 vincla,
519 1833 591 1886 quae
603 1815 758 1870 detraxerat

221 1899 316 1954 Servis
327 1898 433 1953 amicus
444 1896 566 1969 perfidis.

184 1978 450 2048 Romanus—eheu,
462 1978 570 2049 posteri
580 1977 755 2048 negabitis·-

221 2060 422 2130 Emanoipstus
433 2060 553 2113 feminae

185 2141 255 2195 Fert
266 2141 372 2196 vallum
384 2143 413 2194 et
425 2156 502 2194 arma
512 2140 595 2193 miles
607 2142 637 2193 et
648 2138 818 2210 spadonibus

221 2222 333 2277 Servire
343 2221 453 2291 rugosis
464 2223 568 2291 potest,

187 2305 323 2375 Interque
335 2305 415 2374 signe
425 2307 509 2375 turpe
520 2302 653 2357 militaria

223 2384 272 2438 Sol
283 2383 403 2453 adspicit
415 2382 572 2453 conopium.

187 2465 230 2519 At
241 2466 297 2518 huc
308 2464 459 2518 frementes
470 2466 618 2518 verterunt
629 2463 674 2517 bis
685 2463 761 2518 mille
774 2480 859 2534 equos

224 2545 306 2612 Galli,
318 2547 448 2599 canentes
461 2544 614 2613 Caesarem,

188 2624 401 2695 Hostiliumque
412 2625 527 2679 navium
538 2627 624 2694 portu
635 2624 724 2678 latent
798 2668 803 2679 .

223 2706 339 2776 Puppes
351 2705 544 2759 sinistrorsum
556 2706 636 2759 citae.

188 2786 224 2839 Io
234 2785 397 2856 Triumphe,
408 2789 443 2840 tu
453 2786 571 2839 moraris
582 2802 680 2840 aureos

225 2866 331 2920 Currus
343 2870 373 2919 et
384 2867 505 2920 intactas
516 2866 622 2920 boves?

188 2946 224 3001 Io
235 2947 396 3017 ‘hiumpha
407 2964 458 3001 nec
469 2946 489 3001 J
489 2946 640 3016 ugurthino
651 2961 746 3017 parem

217 3028 303 3082 ¹Bello
315 3028 466 3098 reportasti
477 3027 585 3095 ducem,

188 3107 290 3177 Neque
302 3108 475 3176 Africanum,
489 3108 534 3162 cui
546 3124 630 3178 super
642 3105 840 3175 Karthaginem

227 3188 328 3243 Virtus
339 3190 500 3260 sepulcrum
512 3188 643 3242 condidit.

188 3269 277 3324 Terra
288 3270 415 3341 marique
426 3270 519 3324 victus
530 3268 623 3323 hostis
635 3267 736 3339 punico

227 3348 358 3419 Lugubre
370 3348 493 3404 mutavit
505 3364 610 3417 sagum.

961 3347 996 3396 28
