2342 3850
371 268 546 318 cauumuu
560 269 596 318 ΙΙ.
611 272 651 320 lt.

207 400 324 455 Limites
336 401 483 456 clientium

242 481 312 536 Salis
323 483 444 537 avarum?
480 481 599 538 Pellitur
610 486 747 555 paternos

208 561 242 616 In
253 563 318 617 sinu
331 564 424 618 ferens
436 563 503 618 deos

240 643 277 696 Et
288 659 361 698 uror
371 647 402 698 et
412 644 457 698 vir
467 643 650 714 sordidosque
658 647 757 711 natos3

207 723 290 778 Nulla
302 725 405 780 eertior
415 727 512 780 tamen

242 805 361 876 Rapacis
373 805 439 860 Orci
451 805 506 860 fine
519 805 662 862 destinata

207 885 280 940 Aula
290 886 411 942 divitem
422 889 518 941 manet

243 966 359 1022 Hemm.
397 967 472 1034 Quid
484 967 560 1024 ultra
570 966 680 1023 tendis?
714 968 814 1039 Aequa
824 968 910 1024 tellus

208 1046 324 1117 Pauperi
335 1047 490 1102 recluditur

241 1126 403 1197 Regumque
415 1128 518 1200 pueris,
530 1145 583 1184 nee
594 1127 705 1184 satelles
716 1128 781 1184 Oroi

208 1207 346 1263 Callidum
358 1209 525 1264 Promethea

242 1288 362 1344 Revexit
372 1307 441 1344 auro
454 1293 560 1360 eaptus
597 1289 653 1345 Hie
665 1290 820 1362 superbum

207 1367 357 1424 Tantalum
369 1372 454 1439 atque
466 1368 577 1424 Tantali

243 1449 339 1506 Genus
351 1452 472 1518 eo'e'reet;
491 1451 538 1506 hie
549 1451 644 1508 levare
655 1452 785 1506 functum

208 1531 362 1603 Pauperem
374 1532 516 1588 laboribus

241 1613 368 1669 Voeatus
379 1617 464 1684 atque
476 1631 533 1668 non
545 1617 663 1669 voeatus
674 1613 764 1670 audit.

490 1940 569 1995 xm

212 2105 355 2161 Bascama
366 2104 397 2160 in
409 2106 526 2161 remotis
538 2107 661 2162 earmina
672 2106 793 2178 rupibus

209 2185 276 2241 Vidi
289 2186 577 2243 docentem—eredita
589 2186 732 2258 pesteri-

245 2268 449 2339 Nymphasque
461 2268 603 2323 discentes
615 2272 646 2323 et
657 2286 738 2323 aures
780 2326 784 2333 ,

281 2348 471 2420 capripedum
483 2349 648 2420 Satyrorum
660 2352 764 2405 aeutas

209 2429 293 2498 Eune,
305 2429 411 2484 recenti
423 2447 504 2484 mene
515 2430 641 2501 trepidat
653 2433 732 2487 metu

211 2509 351 2579 Plenaque
363 2510 465 2565 Bacchi
477 2514 594 2581 pectore
605 2510 753 2565 turbidum

244 2591 386 2645 laetatur.
421 2590 506 2659 Euoe,
518 2608 601 2663 parea
614 2591 707 2660 Liber,

281 2672 372 2739 Parce,
384 2671 461 2742 gravi
473 2672 624 2726 metuende
635 2672 749 2742 thyrso!

210 2751 263 2806 Fas
275 2752 434 2823 pervicaces
447 2754 491 2806 est
503 2752 575 2807 mihi
587 2752 729 2823 Thyiadas

210 2832 333 2904 Vinique
344 2834 453 2887 fontem
464 2832 545 2888 laetis
557 2836 588 2888 et
599 2833 700 2888 uberes

245 2913 365 2969 Oantare
377 2915 460 2982 rivos,
473 2918 558 2985 atque
570 2914 681 2968 trimeis

281 2994 373 3065 Lapsa
384 2995 458 3050 cavis
470 2994 571 3049 iterare
583 2994 680 3060 mella3

212 3074 264 3129 Fas
277 3078 306 3130 et
317 3075 417 3131 beatae
429 3075 554 3147 conjugis
566 3075 695 3129 additum

212 3156 305 3212 Stellis
316 3157 459 3224 honorem,
472 3160 604 3227 tectaque
616 3152 733 3211 Penthei

245 3237 370 3308 Disjeeta
381 3254 439 3291 non
450 3237 507 3291 leni
518 3236 608 3303 ruina,
685 3246 688 3252 '

281 3318 397 3377 Thracis
409 3322 439 3373 et
450 3318 570 3373 exitium
582 3312 710 3385 Lycurgi.
