2342 3850
233 278 278 328 leo
543 278 680 327 Rosam
693 278 808 328 FLACCI

232 415 279 470 Ad
289 416 411 470 lectum:
428 415 582 486 Postquam
594 419 624 470 te
636 417 716 484 talos,
728 416 808 484 Aule,
820 433 961 488 nucesque

232 495 315 550 Ferre
327 497 393 550 sinu
404 496 475 565 laxo,
487 495 590 551 donare
603 499 632 551 et
644 497 740 551 ludere
751 497 818 564 vidi,

232 576 282 645 Te,
293 575 397 644 Tiberi,
408 593 562 644 numerare,
574 577 651 632 cavis
663 577 831 632 abscondere
843 577 956 632 tristem
966 598 974 644 ς

231 657 359 712 Extimui
371 675 407 712 ne
418 675 469 712 vos
480 661 576 728 ageret
588 659 699 713 vesania
711 659 825 728 discors,

230 735 275 791 Tu
287 737 504 805 Nomentanum,
517 742 551 792 tu
562 756 599 792 ne
611 755 757 809 sequerere
771 739 907 794 Cicutam.

232 817 323 884 Quare
335 817 477 888 perdives
489 821 585 874 oratus
597 822 717 890 uterque
728 819 855 888 Penates,

232 897 276 952 Tu
288 915 354 952 cave
365 916 402 952 ne
414 899 533 967 minuas,
546 903 580 953 tu
592 917 627 954 ne
640 899 731 970 majus
742 899 829 954 facias
841 901 872 954 id

232 979 315 1046 Quod
326 979 397 1034 satis
408 997 469 1034 esse
480 982 564 1050 putat
575 983 657 1050 pater
668 984 699 1035 et
710 985 811 1035 natura
824 984 937 1036 cotrcet

232 1059 377 1114 Praeterea
388 1077 423 1113 ne
434 1078 486 1114 vos
497 1061 597 1115 titillet
609 1061 704 1116 Gloria
712 1061 775 1131 jure

231 1140 250 1194 J
251 1140 357 1194 urandc
369 1141 542 1212 obstringam
553 1140 653 1196 ambo:
670 1145 735 1196 uter
747 1141 844 1196 aedibs
856 1141 977 1196 fueritve
1085 1144 1126 1193 180

232 1221 367 1276 Vestrum
378 1225 495 1292 praeter,
508 1224 533 1276 is
544 1223 714 1278 intestabilis
727 1227 756 1277 et
768 1241 846 1278 sacer
857 1226 925 1278 este.

232 1301 268 1356 In
279 1303 366 1357 dcere
377 1306 462 1373 atque
473 1303 537 1357 faba
549 1304 623 1357 bona
634 1308 669 1358 tu
680 1304 836 1374 perdasque
847 1303 961 1374 lupinis,

231 1383 319 1438 Latus
330 1384 406 1438 utin
418 1383 499 1438 Circo
511 1384 632 1455 spatiere
645 1389 675 1438 et
688 1389 790 1440 atneus
802 1387 836 1437 ut
848 1388 915 1452 stes,

230 1465 332 1520 Nudus
343 1465 424 1536 agiis,
437 1464 530 1519 nudus
541 1466 674 1534 nummis,
686 1466 790 1532 insane,
803 1465 928 1536 paternis
938 1483 946 1528 ;

232 1546 344 1600 Scilicet
356 1548 389 1600 ut
401 1546 516 1616 plausus
529 1562 599 1615 quos
610 1545 666 1599 fert
678 1546 802 1616 Agrippa
814 1545 886 1599 feras
898 1547 939 1611 tu,

233 1627 339 1680 Astuta
350 1627 502 1696 ingenuum
513 1625 613 1696 vulpes
624 1625 736 1680 imitata
747 1626 863 1679 leonem.
944 1667 947 1673 .

234 1708 293 1762 ‘Ne
305 1710 369 1779 quis
380 1709 510 1762 humasse
522 1707 592 1761 velit
604 1705 726 1777 Ajacem,
739 1707 849 1775 Atrida,
862 1710 941 1762 vetas
953 1725 1006 1761 cur
1016 1708 1039 1761 l’

233 1790 310 1845 ‘Rex
321 1791 401 1844 sum!
438 1788 502 1843 ‘Nil
512 1789 587 1843 ultra
599 1806 701 1859 quaero
713 1789 854 1860 plebeius?
891 1788 944 1841 ‘Et
957 1806 1075 1860 aequam

234 1870 304 1926 Rem
316 1870 447 1942 imperite
454 1892 462 1937 ;
481 1887 513 1925 ac
524 1870 548 1923 si
561 1871 606 1923 cui
618 1869 715 1925 videor
725 1887 782 1922 non
791 1869 895 1940 justus,
908 1869 1004 1926 inulto

233 1952 332 2007 Dicere
344 1952 420 2021 qued
432 1952 523 2006 sentit
534 1951 687 2021 permitto?
724 1951 862 2005 ‘Maxime
874 1968 981 2021 regum,
1086 1958 1128 2006 190

233 2030 270 2085 Di
282 2032 337 2086 tibi
349 2032 418 2087 dent
429 2035 511 2103 capta
523 2033 639 2085 classem
652 2031 786 2086 deducere
799 2031 894 2101 Troja!

233 2111 307 2182 Ergo
319 2113 460 2167 considere
473 2115 504 2166 et
514 2129 581 2166 mox
592 2112 759 2182 respondere
771 2111 901 2181 licebiti'

234 2192 386 2247 ‘Consule’
422 2193 497 2248 ‘Our
508 2192 587 2263 Ajax,
599 2193 681 2248 heros
693 2194 728 2248 ab
741 2192 849 2247 Achille
861 2194 1011 2262 secundus,

232 2272 357 2328 Putescit
368 2273 455 2327 toties
466 2273 584 2327 servatis
597 2273 688 2327 clarus
701 2273 827 2341 Achivis,

233 2354 359 2408 Gaudeat
370 2358 404 2408 ut
416 2355 537 2425 populus
548 2354 650 2408 Priami
663 2354 844 2424 Priamusque
856 2354 1014 2424 inhumat0,

231 2434 283 2488 Per
294 2452 378 2505 quem
390 2438 435 2489 tot
443 2435 561 2505 juvenes
572 2434 664 2505 patrio
676 2452 787 2489 caruere
800 2435 928 2505 sepulcro
938 2436 948 2489 i
960 2437 966 2457 ²

232 2516 325 2570 ‘Mille
337 2516 432 2570 ovium
443 2516 559 2570 insanus
570 2516 657 2569 marti
669 2514 756 2583 dedit,
768 2515 900 2569 inclitum
912 2514 1021 2571 Ulixen

231 2595 269 2649 Et
280 2593 438 2651 Menelaum
450 2613 506 2650 una
517 2613 627 2651 mecum
639 2612 669 2649 se
682 2595 806 2650 occidere
819 2596 957 2650 clamans·

232 2676 292 2731 ‘Tu
304 2694 368 2731 cum
380 2694 431 2747 pro
442 2677 534 2730 vitula
544 2678 648 2731 statuis
661 2675 770 2730 dulcem
782 2676 885 2730 Aulide
897 2679 996 2730 natam

231 2759 307 2811 Ante
318 2774 378 2811 aras
391 2757 553 2828 spargisque
564 2756 639 2811 mola
651 2760 743 2827 caput,
755 2756 892 2826 improbe,
904 2756 987 2825 salsa,
1088 2761 1134 2810 200

231 2838 445 2894 Rectumanimi
455 2838 623 2893 servasl'-‘
631 2836 968 2905 Quorsuml’-‘Insanus
981 2838 1054 2909 quid
1066 2840 1133 2893 enim

301 2919 374 2989 Ajax

230 2998 310 3053 Fecit
323 3017 387 3053 cum
399 2999 501 3053 stravit
512 2998 585 3052 ferro
599 2996 700 3069 pecual
737 2996 888 3051 Abstinuit
900 2998 960 3051 vim

231 3080 325 3133 Uxore
337 3084 367 3133 et
378 3082 462 3149 gnato
469 3098 477 3145 ;
494 3078 566 3132 mala
578 3078 666 3132 multa
679 3080 808 3148 precatus
821 3078 940 3147 Atridis,

230 3159 296 3212 Non
307 3160 354 3213 ille
366 3163 416 3213 aut
427 3159 565 3212 Teucrum
577 3162 627 3212 aut
638 3159 730 3229 ipsum
743 3158 860 3214 violavit
873 3158 995 3215 Ulixen?

230 3238 351 3291 ‘Verum
363 3256 420 3308 ego,
433 3239 467 3291 ut
478 3238 625 3291 haerentes
637 3237 752 3291 adverso
764 3238 861 3293 littore
874 3256 960 3294 naves

230 3317 381 3387 Eriperem,
393 3319 516 3389 prudens
528 3318 635 3388 placavi
647 3320 780 3389 sanguine
793 3320 888 3375 divos!
