2342 3850
201 341 246 392 lta
522 339 658 391 Hossm
671 339 784 390 macor

200 468 335 524 Munilico
346 485 406 524 esse
417 467 492 538 licet,
504 462 588 524 vellet
600 467 691 522 bonus
703 469 787 538 atque
798 465 936 536 benignus

201 548 279 620 Fsse,
291 550 370 605 daret
381 554 518 621 quantum
530 550 600 604 satis
613 551 687 604 esset
699 566 750 603 neo
762 548 817 604 sibi
829 547 930 602 damno

200 631 390 701 Dedecorique
401 630 481 685 foret
515 631 623 686 Verum
634 633 688 684 hoc
699 647 729 684 se
741 628 919 700 amplectitur
930 644 996 695 uno,

201 713 264 767 Hoc
274 715 352 767 amat
363 715 392 766 et
402 710 515 766 laudat:
533 714 551 743 “
562 711 719 766 Metronem
730 710 837 765 nullam
849 727 898 779 ego
910 707 1021 778 tango.’'

201 794 246 850 Ut
257 791 398 864 quondam
408 791 559 860 Marsaeus,
571 795 679 847 amator
690 790 811 860 Originis
822 790 876 858 ille,

201 874 257 942 Qui
268 873 394 945 patrium
405 873 507 927 mimae
520 872 607 927 donat
618 872 791 942 fiendumque
803 871 952 940 laremque,

201 954 275 1009 “Nil
286 954 372 1009 fuerit
383 952 447 1022 mi,”
459 953 561 1023 inquit,
573 955 592 984 “
601 970 665 1007 oum
677 951 811 1006 uxoribus
822 967 948 1020 unquam
960 947 1086 1003 alienis”

200 1034 310 1090 Verum
322 1037 366 1089 est
378 1051 443 1088 cum
454 1034 556 1101 mimis,
568 1036 612 1088 est
625 1051 689 1088 cum
700 1031 903 1098 meretricibus,
915 1029 990 1083 unde

200 1115 287 1170 Fama
297 1115 404 1170 malum
415 1115 526 1185 gravim
537 1131 623 1184 quam
634 1131 680 1168 rea
691 1113 787 1167 trahit
821 1111 868 1167 An
879 1111 933 1166 tibi
945 1109 1061 1165 abunde

200 1195 351 1251 Personam
362 1195 432 1250 satis
444 1197 495 1260 est,
508 1211 566 1248 non
578 1195 648 1248 illud
659 1192 798 1264 quidquid
809 1193 914 1264 ubique
1079 1193 1114 1244 60

201 1276 294 1333 Officit
306 1277 411 1332 evitare
420 1277 431 1331 l
467 1275 573 1331 Bonam
585 1275 735 1346 deperdere
745 1275 858 1343 famam,
925 1320 928 1326 .

200 1357 272 1413 Rem
283 1358 372 1429 patris
383 1357 524 1425 oblimare,
536 1357 641 1411 malum
653 1360 697 1410 est
708 1356 875 1426 ubicunque.
909 1352 984 1421 Quid
993 1352 1077 1406 inter

200 1436 254 1491 Est
264 1437 295 1491 in
306 1439 442 1505 matrona,
454 1436 561 1505 ancille,
573 1452 706 1507 peccesne
718 1433 833 1506 togatal

201 1515 305 1572 Villius
315 1517 346 1571 in
357 1516 462 1571 Fausta
473 1516 564 1571 Sullae
576 1534 667 1587 gener,
679 1516 733 1572 hoc
744 1516 830 1570 miser
840 1531 898 1569 uno

201 1597 323 1652 Nomine
335 1596 477 1668 deceptus,
488 1614 592 1669 poenas
604 1596 683 1652 dedit
695 1614 783 1667 usque
795 1611 932 1668 superque

203 1677 294 1744 Quam
305 1679 375 1732 satis
387 1682 438 1746 est,
449 1679 551 1749 pugnis
562 1695 659 1732 caesus
670 1677 799 1747 ferroque
811 1676 927 1748 petitus,

202 1756 341 1813 Exclusus
351 1757 410 1812 iore
422 1775 487 1812 cum
498 1758 675 1828 Longarenus
687 1758 759 1811 foret
770 1757 855 1811 intus.

203 1838 279 1894 Huic
290 1839 315 1894 si
326 1839 451 1894 mutonis
462 1839 556 1894 verbis
567 1839 729 1895 malatesta
739 1837 862 1893 videntis

202 1920 316 1977 Diceret
326 1921 394 1977 baec
405 1921 530 1977 animus:
543 1920 641 1989 “Quid
652 1920 696 1977 vis
707 1919 781 1975 tibil
794 1917 931 1990 numquid
942 1934 992 1987 ego
1005 1934 1022 1971 a
1034 1919 1067 1973 te

203 2002 304 2073 Magno
315 2008 484 2075 prognatum
496 2002 615 2075 deposco
627 2002 740 2057 consule
753 2018 877 2056 cunnum

203 2082 391 2154 Veletumque
402 2082 474 2138 stola
484 2100 547 2138 mea
558 2100 623 2139 cum
635 2081 791 2138 conferbuit
802 2083 844 2136 ira
852 2079 882 2137 l’'

203 2161 278 2229 Quid
289 2163 490 2235 respondes-etl
527 2166 545 2194 “
556 2163 657 2233 Magno
669 2166 749 2234 petre
760 2165 828 2217 neta
838 2160 931 2233 puella
943 2160 1008 2215 est.’'

202 2242 244 2298 At
256 2246 361 2312 quanto
371 2243 485 2298 meliora
495 2246 592 2298 monet
604 2244 811 2315 pugnantiaque
822 2242 886 2297 istis

203 2323 289 2378 Dives
301 2324 362 2395 opis
373 2328 474 2379 natura
485 2342 559 2392 suaa
569 2326 605 2378 tu
616 2324 641 2378 si
652 2323 736 2378 modo
747 2327 823 2379 recta

202 2403 371 2475 Dispensere
381 2405 452 2459 velis
463 2422 495 2458 ac
506 2422 563 2459 non
574 2403 706 2474 fugienda
716 2404 846 2476 petendis

203 2482 373 2540 Immiscere.
407 2484 468 2540 Tuo
480 2486 549 2539 vitio
561 2502 691 2539 rerumne
703 2484 812 2539 labores

202 2562 253 2618 Nil
263 2564 365 2619 referre
376 2565 480 2637 puteal
515 2565 607 2631 Qriare
618 2582 654 2619 ne
666 2566 809 2636 poeniteat
820 2567 850 2619 te

202 2644 307 2700 Desine
318 2648 462 2700 matronas
473 2646 613 2715 sectarier,
626 2644 700 2701 unde
712 2645 815 2700 laboris

202 2725 269 2781 Plus
280 2726 392 2781 haurire
403 2726 470 2779 mali
482 2729 527 2780 est
538 2743 624 2796 quam
636 2743 671 2780 ex
682 2744 712 2780 re
724 2725 870 2797 decerpere
882 2726 998 2780 fluctus.

202 2805 264 2862 Nec
274 2806 363 2877 magis
374 2806 441 2860 huic
451 2806 528 2859 inter
538 2806 637 2861 niveos
648 2806 809 2877 viridesque
820 2806 931 2877 lapillos
1078 2812 1114 2863 80

203 2886 261 2957 (Sit
271 2887 339 2942 licet
350 2886 411 2955 hoc,
423 2884 565 2955 Cerinthe,
577 2888 671 2958 tuum)
684 2889 814 2941 tenerum
826 2891 870 2941 est
881 2888 973 2942 femur
983 2890 1035 2943 aut
1047 2905 1114 2943 crus

202 2966 326 3036 Rectius,
337 2970 423 3037 atque
434 2966 520 3021 etiam
531 2967 634 3021 melius
645 2984 779 3039 persaepe
790 2970 900 3037 togatae
912 2971 963 3021 est.

203 3047 285 3102 Adde
296 3050 352 3104 huc
364 3047 438 3119 quod
449 3065 572 3102 meroem
582 3049 644 3103 sine
656 3049 728 3104 fucis
739 3053 839 3119 gestat,
849 3052 944 3120 aperte

203 3127 284 3193 Quod
295 3129 392 3183 venale
404 3128 491 3183 habet
502 3129 636 3198 ostendit,
648 3147 700 3184 neo
712 3131 736 3185 si
748 3129 817 3201 quid
828 3130 940 3185 honesti
951 3130 996 3185 est

202 3206 297 3262 Jactat
309 3208 449 3278 habetque
461 3209 562 3278 palam,
574 3211 685 3279 quaerit
696 3228 752 3281 quo
763 3211 857 3281 turpia
869 3211 948 3266 celet.

203 3284 325 3354 Regibus
335 3286 382 3339 hic
393 3304 455 3341 mos
467 3290 526 3342 est:
544 3288 594 3342 ubi
606 3306 692 3358 equos
704 3295 865 3345 mercantur
876 3293 990 3361 opertos

204 3363 371 3434 Inspiciunt,
382 3383 418 3419 ne
430 3367 455 3420 si
467 3366 552 3421 facies
563 3371 598 3420 ut
609 3386 691 3438 saepe
703 3368 801 3424 decora
