2342 3850
363 283 538 332 cunum
553 283 634 333 11.10.

219 413 323 478 Annos,
335 427 387 468 nec
398 410 543 482 impubem
554 416 685 483 parentes

254 493 366 548 Troilon
377 495 428 546 aut
438 491 572 563 Phrygiae
583 509 693 548 sorores

182 571 297 627 Flevere
308 590 426 644 semper.
461 571 564 628 Desino
575 572 704 628 mollium

183 653 309 708 Tandem
321 653 503 723 querelarum,
516 657 546 708 et
557 654 653 726 potius
663 671 736 708 nova

219 732 370 790 Cantemus
381 733 503 804 Augusti
515 737 630 805 tropaea

255 813 379 868 Caesaris
391 817 421 868 et
432 813 553 883 rigidum
564 813 715 884 Niphaten,

183 893 353 963 Medumque
364 893 469 948 flumen
480 894 612 964 gentibus
623 894 751 950 additum

184 973 276 1028 Victis
287 973 410 1028 minores
421 973 532 1028 volvere
543 975 671 1042 vertices

220 1054 353 1124 Intraque
365 1055 569 1126 praescriptum
582 1054 705 1110 Gelonos

255 1133 371 1207 Exiguis
383 1136 508 1206 equitare
520 1136 633 1206 campis.

478 1517 512 1571 X.

188 1697 310 1752 eronus
321 1695 407 1760 vives,
420 1695 516 1763 Licini,
528 1713 618 1766 neque
630 1696 718 1751 altum

188 1780 304 1850 Semper
315 1775 439 1847 urgendo
451 1794 548 1847 neque,
560 1777 628 1832 dum
639 1779 772 1849 procellas

190 1859 296 1914 Cautus
308 1857 453 1926 horrescis,
463 1857 585 1912 nimium
596 1860 747 1930 premendo

222 1942 304 1998 Litus
316 1940 453 2010 iniquum.

188 2024 311 2077 Auream
323 2020 450 2092 quisquis
461 2019 683 2076 mediocritatem

190 2102 291 2172 Diligit
302 2104 385 2155 tutus
396 2104 472 2155 caret
485 2100 604 2155 obsoleti

190 2183 324 2237 Sordibus
335 2182 412 2249 tecti,
424 2184 499 2235 caret
511 2182 661 2237 invidenda

224 2264 341 2319 Sobrius
352 2262 422 2317 arria

152 2378 159 2397 r
192 2344 308 2415 Saepius
319 2344 413 2398 ventis
424 2344 547 2414 agitatur
557 2345 657 2414 ingens

190 2426 275 2480 Pinus
287 2430 317 2481 et
329 2425 416 2480 celsae
426 2426 549 2496 graviore
561 2442 628 2480 casu

192 2506 333 2562 Decidunt
344 2510 437 2561 turres
448 2506 608 2576 feriuntque
620 2523 744 2561 summos

228 2588 349 2658 Fulgura
359 2591 476 2641 montes.

195 2670 295 2743 Sperat
306 2670 424 2737 infestis,
436 2667 540 2723 metuit
552 2669 682 2723 secundis

192 2752 319 2806 Alteram
331 2753 437 2803 sortem
447 2748 518 2803 bene
530 2753 725 2821 praeparatum

193 2833 300 2888 Pectus
337 2830 474 2885 informes
485 2830 592 2885 hiemes
603 2829 712 2885 reducit
743 2877 745 2880 .

229 2912 248 2967 J
248 2911 370 2984 uppiter,
381 2909 457 2965 idem

194 2994 367 3050 Summovet.
402 2992 469 3047 Non
480 2992 505 3047 si
516 2993 588 3048 male
599 3011 674 3049 nunc
685 2999 715 3050 et
726 2995 792 3049 olim

196 3077 242 3132 Sic
253 3076 307 3131 erit
317 3094 323 3130 :
344 3074 485 3146 quondam
497 3074 604 3129 cithara
614 3080 755 3131 tacentem

195 3159 319 3214 Suscitat
329 3175 446 3226 mimam,
458 3174 548 3228 neque
560 3175 671 3229 semper
682 3176 776 3214 arcum
815 3167 819 3175 “

231 3240 335 3294 Tendit
346 3239 453 3309 Apollo.

196 3321 291 3377 Rebus
301 3320 427 3391 angustis
439 3320 580 3385 animosus
593 3323 676 3387 atque
