2342 3850
377 331 600 382 EPISTOLARUM
613 335 648 384 11.
664 338 687 384 2.

61 456 102 512 Et
114 457 195 528 signo
207 458 280 513 laeso
292 476 349 513 non
360 460 485 516 insanire
495 462 617 532 lagenae,

62 538 165 593 Posset
177 540 226 609 qui
239 557 338 610 rupem
350 543 380 594 et
391 545 510 611 puteum
522 543 613 597 vitare
624 546 775 614 patentem.

61 618 120 672 Hic
131 619 183 674 ubi
195 625 376 690 cognatorum
388 622 488 692 opibus
501 623 629 694 curisque
641 625 763 679 refectus

59 697 181 768 Expulit
193 699 312 754 elleboro
323 701 453 756 morbum
465 703 607 774 bilemque
619 722 728 759 meraco

60 779 102 832 Et
113 779 188 834 redit
199 780 235 834 ad
246 799 319 836 sese:
338 782 411 835 “Pol
422 800 468 836 me
480 785 632 851 occidistis,
644 786 736 854 amici,

59 858 90 912 N
92 877 129 912 on
141 861 297 928 servastis,''
309 861 359 930 ait,
371 864 388 893 ‘⁴
397 864 442 916 cui
454 865 495 916 sio
507 868 617 919 extorta
628 866 758 935 voluptas

59 940 102 994 Et
113 940 246 1012 demptus
257 944 377 1012 pervim
389 944 494 998 mentis
506 946 682 1014 gratissimus
694 947 791 1002 error.'’
917 955 967 1003 140

60 1021 206 1076 Nimirum
218 1039 315 1094 sapere
327 1026 371 1078 est
383 1025 500 1094 abjectis
512 1025 583 1080 utfle
595 1027 687 1096 nugis,

59 1103 100 1156 Et
111 1105 312 1174 tempestivum
324 1105 420 1175 pueris
432 1106 581 1160 concedere
593 1107 709 1172 ludum3

60 1185 176 1238 Aenon
187 1184 273 1239 verbe
284 1186 364 1255 sequi
376 1185 480 1240 fidibus
492 1187 662 1241 modulanda
674 1187 790 1257 Latinis,

62 1263 121 1318 Sed
132 1281 215 1318 verae
226 1282 413 1335 numerosque
425 1267 577 1336 modosque
591 1267 713 1322 ediscere
724 1270 808 1324 vitae.

60 1345 198 1412 Quocirca
209 1363 320 1400 mecum
332 1346 431 1416 loquor
442 1347 510 1400 haec
521 1349 680 1418 tacitusque
692 1349 832 1404 recordor:

60 1429 79 1457 “
89 1426 121 1480 Si
133 1426 187 1479 tibi
200 1427 277 1480 nulla
289 1428 369 1480 sitim
380 1428 476 1481 finiret
488 1429 567 1497 eopia
579 1428 718 1499 lymphae,

59 1507 200 1561 Narrares
212 1507 343 1572 medicis;
361 1507 437 1578 quod
448 1512 555 1578 quanto
566 1509 649 1578 plura
659 1509 765 1579 parasti

59 1588 153 1642 Tanto
164 1587 245 1657 plura
257 1589 346 1658 cupis,
359 1589 465 1642 nulline
477 1589 591 1642 faterier
601 1589 707 1644 audesl

60 1669 92 1722 Si
104 1669 209 1722 vulnus
220 1668 274 1722 tibi
287 1672 443 1724 monstrata
455 1669 546 1722 radice
557 1669 602 1723 vel
614 1670 701 1724 herba

58 1749 126 1802 Non
137 1750 218 1803 fieret
228 1749 326 1817 levius,
338 1749 448 1819 fugeres
459 1749 550 1803 radice
562 1750 607 1804 vel
619 1751 706 1805 herba
913 1758 964 1808 1⁵0

58 1829 225 1884 Proficiente
237 1831 309 1883 nihil
321 1831 448 1883 curarier.
484 1830 631 1898 Audieras,
644 1831 690 1885 cui

58 1909 130 1964 Rem
144 1909 174 1964 di
186 1909 323 1966 donarent
335 1911 376 1964 illi
389 1909 520 1965 decedere
532 1929 648 1981 pravam

58 1990 232 2057 Stultitiam3
251 1995 280 2045 et
292 2009 356 2045 cum
369 1992 408 2045 sis
420 1992 508 2045 nihilo
520 1993 675 2063 sapientior
686 2010 720 2046 ex
732 2010 788 2062 quo

57 2069 171 2125 Plenior
182 2088 220 2140 ee,
233 2075 328 2125 tamen
339 2072 428 2125 uteris
440 2072 628 2127 monitoribus
640 2072 729 2126 isdem
741 2074 752 2127 l

57 2152 100 2205 At
110 2152 137 2205 si
150 2150 263 2205 divitiae
276 2152 443 2222 prudentem
455 2152 570 2207 reddere
582 2157 706 2223 possent,

29 2256 31 2261 ·
57 2232 86 2287 si
100 2232 234 2303 cupidum
245 2233 433 2303 timidumque
445 2235 539 2289 minus
552 2238 590 2302 te,
602 2252 702 2306 nempe
714 2235 829 2291 rubores

57 2312 176 2368 Viveret
187 2312 218 2366 in
229 2314 313 2367 terris
324 2317 353 2367 te
366 2316 390 2367 si
403 2314 467 2384 quis
479 2315 588 2368 avarior
599 2332 662 2369 uno.

57 2394 87 2448 Si
99 2393 246 2464 proprium
258 2397 303 2448 est
315 2394 390 2463 quod
403 2396 466 2464 quis
478 2396 549 2449 libra
560 2400 701 2450 mercatur
712 2400 742 2450 et
753 2414 823 2465 aere,

60 2475 213 2543 Quaedam,
225 2475 251 2528 si
263 2476 351 2529 credis
364 2476 508 2545 consultis,
520 2478 663 2547 mancipat
674 2496 758 2545 usus;

56 2557 114 2623 Qui
127 2556 259 2625 tepescit
270 2573 335 2626 ager
346 2560 415 2611 tuus
429 2561 480 2626 est,
493 2561 523 2612 et
535 2559 645 2612 villicus
656 2559 734 2627 Orbi,
912 2565 963 2614 160

57 2638 132 2692 (lum
146 2640 256 2706 segetes
268 2641 347 2692 occat
358 2638 413 2692 tibi
425 2656 491 2692 mox
503 2639 646 2693 frumenta
657 2641 779 2708 daturas,

56 2718 96 2771 Te
109 2717 258 2771 dominum
270 2718 366 2773 sentit.
401 2718 459 2773 Das
470 2738 608 2787 nummos,
621 2722 722 2791 accipis
733 2738 826 2789 uvam,

56 2798 163 2866 Pullos,
176 2814 234 2867 ova,
246 2798 347 2852 cadum
358 2801 472 2854 temeti:
490 2818 592 2871 nempe
604 2802 688 2855 modo
700 2802 757 2856 isto

55 2878 198 2933 Paulatim
210 2882 343 2933 mercaris
355 2898 452 2950 agrum
465 2882 583 2936 fortasse
595 2884 731 2936 trecentis

54 2959 115 3012 Aut
129 2959 216 3012 etiam
226 2976 311 3030 supra
323 2978 504 3015 nummorum
516 2961 643 3015 millibus
655 2966 791 3033 emptum.

53 3040 130 3106 Quid
142 3040 228 3094 refert
238 3041 317 3095 vivas
328 3046 474 3096 numerato
486 3059 575 3112 nuper
587 3060 623 3095 an
635 3044 703 3097 olim
713 3043 724 3097 l

52 3120 174 3190 Emptor
185 3120 294 3176 Aricini
306 3122 445 3192 quondam
457 3122 587 3177 Veientis
598 3126 628 3176 et
640 3124 700 3177 arvi
781 3138 784 3142 ’

52 3201 195 3272 Emptum
208 3205 307 3255 coenat
319 3203 390 3272 olus,
403 3204 531 3274 quamvis
543 3204 625 3257 aliter
635 3206 734 3273 putat;
751 3203 854 3274 emptis

53 3282 113 3336 Sub
125 3285 238 3336 noctem
250 3284 370 3353 gelidam
382 3285 464 3354 lignis
477 3284 623 3339 calefactat
634 3291 750 3351 ainum3

8 3364 9 3425 l
53 3361 110 3417 Sed
121 3365 205 3417 vocat
216 3381 307 3434 usque
318 3382 403 3419 suum
415 3382 470 3436 qua
482 3366 605 3437 populus
617 3365 709 3420 adsita
721 3366 807 3420 certis
909 3370 961 3421 170
