2342 3850
538 282 673 330 nourrii
688 282 800 329 FLACCI

653 650 693 705 Il.

364 817 527 871 Arionem
539 817 627 870 amieo
641 816 803 886 pauperiem
814 815 874 886 pati

361 896 505 951 Robustus
517 898 574 951 aori
587 897 690 950 militia
702 914 772 968 puer

395 978 552 1045 condiscat,
564 983 594 1033 et
606 979 725 1033 Parthos
737 979 841 1033 feroces

431 1059 522 1113 Vexat
535 1077 620 1129 eques
633 1059 801 1113 metuendus
813 1059 901 1125 hasta,

362 1139 515 1209 Vitamque
527 1139 580 1194 sub
594 1138 659 1193 divo
672 1143 701 1193 εὴ
713 1139 833 1210 trepidis
845 1143 910 1209 agat

361 1220 396 1273 In
408 1220 499 1274 rebus
537 1219 622 1274 illum
634 1237 668 1274 ex
680 1219 828 1274 moenibus
839 1219 958 1275 hosticis

394 1301 523 1356 Matrona
536 1300 666 1355 bellantis
678 1302 792 1372 tyranni

429 1382 605 1453 Prospiciens
620 1386 649 1436 et
662 1383 759 1437 adulta
770 1383 849 1454 virgo

361 1463 499 1534 Suspirat,
512 1463 590 1530 eheu,
604 1480 638 1517 ne
651 1462 730 1516 rudis
743 1465 886 1533 agminum

362 1545 489 1614 Sponsus
500 1543 618 1598 hoessat
631 1544 723 1614 regius
735 1561 866 1614 asperum

397 1625 486 1680 Tsetu
497 1624 614 1692 leonem,
627 1642 711 1695 quem
723 1630 840 1680 cruenta

434 1707 486 1761 Per
497 1704 604 1760 medias
616 1706 692 1776 rapit
704 1706 746 1760 ira
758 1706 861 1760 caedes

367 1787 455 1841 Duloe
468 1791 497 1840 et
509 1787 643 1840 deoorum
655 1790 698 1840 est
711 1803 763 1856 pro
775 1787 867 1857 patria
879 1787 961 1840 mori:

363 1867 440 1921 Mors
452 1871 482 1921 et
494 1867 621 1938 fugacem
634 1867 813 1939 persequitur
823 1867 924 1935 virum,

398 1948 426 2001 N
427 1966 458 2002 ee
470 1949 561 2020 parcit
572 1948 695 2003 imbellis
703 1947 837 2018 juventae

433 2028 591 2100 Poplitibus
602 2028 758 2098 timidoque
771 2032 857 2099 tergo.

365 2110 466 2165 Virtus
478 2110 605 2181 repulsae
618 2110 711 2164 nesoia
722 2109 850 2164 sordidas

363 2191 544 2245 Intaminatis
556 2192 646 2261 fulget
658 2190 820 2257 honoribus,

400 2272 459 2327 Neo
471 2272 560 2326 sumit
572 2275 623 2326 aut
634 2272 716 2342 ponit
725 2288 844 2327 secures.

435 2353 563 2409 Arbitrio
576 2353 719 2424 popularis
732 2369 821 2407 aurae

364 2434 465 2488 Virtus
477 2434 623 2489 recludens
636 2434 787 2488 immeritis
800 2433 872 2487 mori

364 2514 478 2569 Caelum
490 2518 591 2585 negata
602 2517 696 2568 tentat
708 2514 763 2569 iter
774 2515 827 2580 via,

400 2596 560 2665 Coetusque
572 2596 699 2665 vulgares
712 2599 741 2649 st
754 2594 840 2648 udam

435 2676 549 2747 Spernit
560 2676 681 2729 humum
688 2676 818 2745 fugiente
829 2692 928 2746 penna.

364 2757 416 2811 Est
428 2760 457 2811 et
469 2756 545 2811 fideli
556 2760 623 2811 tuta
635 2756 748 2812 silentio

366 2838 485 2892 Merces:
504 2836 606 2891 vetabo
619 2838 667 2907 qui
680 2837 789 2891 Cereris
802 2854 911 2891 sacrum

401 2917 531 2987 Vulgarit
543 2934 658 2971 areanae
671 2918 724 2972 sub
737 2918 827 2972 isdem

437 2996 481 3050 Sit
494 2995 623 3050 trabibus
635 2996 794 3066 fragilemve
807 3013 919 3051 meeum

365 3077 460 3132 Solvet
473 3075 621 3147 phaselon;
641 3094 722 3147 saepe
735 3077 878 3147 Diespiter

365 3158 517 3227 Negleetus
529 3156 637 3211 incesto
650 3157 759 3212 addidit
773 3158 922 3228 integrum.

404 3238 478 3293 Baro
490 3237 704 3292 antecedentem
716 3238 868 3293 scelestum

437 3318 569 3374 Deseruit
582 3318 653 3388 pede
665 3317 756 3373 Poena
768 3318 876 3375 claudo.
