2342 3850
214 323 257 367 roc
534 319 670 368 ncnurn
683 297 797 368 nicer

212 451 296 504 Plure
306 449 421 521 quidem
432 448 556 504 tollendo
566 449 765 520 relinquendis.
799 449 868 520 Age,
880 465 992 520 quaeso,

213 531 257 584 Tu
268 530 341 584 nihil
351 530 383 584 in
393 547 493 599 magno
505 528 605 585 doctus
616 529 795 601 reprehendis
806 531 947 586 Homero?

213 611 262 665 Nil
273 611 361 665 comis
371 611 471 680 tragici
482 613 577 664 mutet
588 611 712 666 Lucilius
723 611 813 666 Accii

211 692 240 745 N
239 709 276 745 on
287 691 362 745 ridet
372 707 472 745 versus
483 691 557 744 Enni
568 691 707 760 gravitate
718 692 850 760 minores,

213 775 285 828 (lum
297 772 331 827 de
342 789 373 826 se
384 772 509 841 loquitur
519 788 576 825 non
588 774 623 826 ut
633 771 737 841 majore
748 771 888 842 reprensis
899 771 911 826 i

214 853 288 919 Quid
300 855 378 907 vetat
388 855 419 907 et
429 855 542 907 nosmet
553 852 643 907 Lucili
654 853 760 924 scripte
770 854 894 924 legentes

211 936 358 1002 Quaerere,
370 950 440 987 num
451 933 536 999 illius,
549 949 619 987 num
631 951 725 990 rerum
737 933 807 988 dura
817 935 928 1004 negarit

214 1015 375 1070 Versiculos
386 1017 488 1069 ustura
498 1015 588 1085 megia
598 1013 688 1069 sectos
700 1018 730 1069 et
741 1018 841 1069 cuntes

214 1097 326 1151 Mollius
337 1114 370 1150 ec
381 1097 406 1150 si
418 1095 482 1166 quis
493 1095 613 1166 pedibus
625 1095 695 1166 quid
706 1095 833 1151 claudere
845 1095 929 1163 senis,

213 1177 275 1230 Hoc
285 1179 398 1231 tuntum
409 1179 566 1245 contentus,
578 1180 655 1230 amet
665 1177 810 1248 scripsisse
821 1176 958 1230 ducentos
1083 1177 1115 1227 60

212 1259 289 1312 Ante
300 1257 395 1312 cibum
406 1274 511 1325 versus,
522 1257 644 1311 totidem
653 1259 786 1312 coenatus
797 1277 805 1324 ;
822 1256 933 1311 Etrusci

213 1339 299 1406 Qrmle
310 1338 367 1393 fuit
377 1337 457 1393 (lessi
468 1337 565 1408 rapido
575 1337 730 1392 ferventius
742 1337 819 1392 emni

213 1420 369 1490 Ingenium,
382 1418 474 1490 capsis
486 1435 570 1488 quem
581 1418 656 1473 ieme
665 1421 709 1472 est
721 1435 782 1473 esse
792 1417 928 1488 librisque

213 1500 387 1554 Ambustum
397 1497 539 1569 propriis?
573 1497 672 1552 Fuerit
684 1497 816 1567 Lucilius,
828 1498 952 1567 inquam,

213 1580 309 1636 Oomis
320 1583 350 1635 et
362 1580 494 1647 urbanus,
505 1578 592 1633 fuerit
603 1579 726 1634 limatior
736 1578 814 1633 idem

213 1660 305 1726 Quam
316 1661 395 1715 rudis
406 1662 436 1714 et
447 1659 560 1713 Graecis
571 1659 674 1714 intacti
686 1659 817 1716 carminis
829 1661 933 1725 auctor,

212 1741 358 1811 Quemque
370 1743 516 1811 poetarum
526 1739 670 1794 seniorum
681 1739 765 1794 turbe
771 1760 780 1807 ;
796 1739 847 1794 sed
858 1739 915 1808 ille,

215 1822 245 1875 Si
257 1822 331 1875 foret
341 1821 395 1875 hoc
405 1822 535 1875 nostrum
546 1820 606 1874 fato
617 1819 721 1876 dilatus
731 1821 762 1874 in
774 1837 881 1887 sevum,

211 1901 358 1956 Detereret
369 1901 425 1956 sibi
437 1900 535 1970 multa,
547 1899 683 1956 recideret
694 1917 777 1956 omne
789 1899 864 1971 quod
875 1900 950 1955 ultra

211 1982 368 2037 Perfectum
379 1982 547 2051 traheretur,
558 1984 589 2035 et
601 1982 631 2036 in
642 1998 726 2037 versu
736 1981 863 2037 faciendo

211 2064 299 2133 Saepe
311 2066 396 2133 ceput
406 2062 533 2116 scaberet
544 2062 624 2116 vivos
635 2065 665 2117 et
676 2062 786 2119 roderet
797 2078 912 2131 ungues

209 2144 299 2214 Saepe
310 2143 408 2197 stilum
419 2145 514 2197 vertes
525 2142 630 2196 iterum
641 2158 712 2212 quse
723 2142 807 2213 digna
818 2143 872 2213 legi
884 2142 944 2196 sint

210 2224 378 2294 Scriptums,
389 2240 479 2293 neque
490 2225 520 2276 te
531 2226 567 2276 ut
576 2222 696 2277 miretur
707 2223 792 2277 turbs
803 2222 920 2291 labores,

212 2304 369 2357 Contentus
380 2302 479 2373 paucis
490 2302 648 2357 lectoribus.
683 2303 730 2357 An
741 2306 791 2357 tua
801 2302 916 2357 demens

211 2384 323 2437 Vilibus
334 2384 365 2437 in
376 2382 451 2437 ludis
463 2382 564 2438 dicturi
574 2383 698 2437 carmina
709 2384 811 2438 maliet

209 2463 275 2519 Non
287 2480 355 2534 ego;
372 2481 438 2518 nam
450 2464 520 2518 satis
531 2466 577 2517 eet
589 2464 713 2533 equitem
725 2464 796 2519 mihi
807 2462 947 2535 plaudere,
960 2465 995 2517 ut
1005 2461 1094 2518 audex
1144 2476 1145 2532 l

211 2544 389 2615 Contemptis
400 2544 464 2598 eliis
475 2545 589 2614 exploso
600 2544 759 2599 Arbuscula
770 2544 850 2599 dixit.

213 2626 279 2681 Men
291 2627 402 2680 movent
414 2625 504 2679 cimex
515 2624 661 2694 Pantilius,
673 2628 723 2679 sut
734 2625 839 2679 cruciet
851 2622 926 2694 quod

210 2708 331 2762 Vellicet
341 2705 487 2760 absentem
498 2705 667 2775 Demetrius,
679 2708 729 2759 cut
740 2704 815 2775 quod
825 2706 940 2775 ineptus

208 2788 332 2842 Fannius
343 2785 527 2855 Hermogenis
537 2784 631 2840 laedat
646 2786 762 2841 conviva
773 2785 892 2856 Tigelli?

210 2868 319 2923 Plotius
331 2869 361 2921 et
371 2866 481 2933 Verius,
492 2866 637 2921 Maecenas
648 2865 845 2936 Virgiliusque,

171 2953 177 2968 ¹
209 2950 326 3019 Valgius
337 2951 367 3002 et
378 2947 480 3018 probet
490 2946 558 3001 hcec
569 2946 712 3016 Octavius,
725 2947 850 3018 optimus
861 2949 947 3017 atque

208 3030 318 3085 Fuscus
330 3032 361 3083 et
370 3028 440 3083 haec
450 3028 560 3081 utinam
571 3027 721 3083 Viscorum
732 3026 828 3082 laudet
839 3028 973 3098 uterque!

208 3111 374 3165 Ambitione
385 3110 506 3178 relegata
516 3111 546 3162 te
558 3108 649 3162 dicere
661 3124 786 3179 possum,

207 3190 301 3256 Pollio,
312 3192 352 3256 te,
364 3189 502 3251 Messalla,
515 3191 565 3241 tuo
577 3203 642 3240 eum
654 3188 749 3256 fratre,
761 3187 900 3258 simulque

207 3267 273 3333 Vos,
284 3267 383 3320 Bibule
395 3271 426 3321 et
437 3268 524 3334 Servi,
536 3266 623 3320 simul
634 3267 680 3322 his
691 3271 730 3337 te,
743 3268 859 3323 candide
870 3269 968 3339 Furni,

207 3344 370 3413 Complures
380 3346 458 3414 ulios,
468 3346 567 3401 doctos
579 3362 630 3415 ego
642 3363 713 3416 quos
724 3352 754 3403 et
766 3349 871 3405 emices
907 3406 909 3410 .
