<?xml version="1.0" encoding="UTF-8"?>
<!DOCTYPE html PUBLIC "-//W3C//DTD XHTML 1.0 Transitional//EN"
    "http://www.w3.org/TR/xhtml1/DTD/xhtml1-transitional.dtd">
<html xmlns="http://www.w3.org/1999/xhtml" xml:lang="en" lang="en">
 <head>
  <title>
</title>
<meta http-equiv="Content-Type" content="text/html;charset=utf-8" />
  <meta name='ocr-system' content='tesseract 3.04.00' />
  <meta name='ocr-capabilities' content='ocr_page ocr_carea ocr_par ocr_line ocrx_word'/>
</head>
<body>
  <div class='ocr_page' id='page_1' title='image "./quintushoratius00scotgoog_0172.png"; bbox 0 0 2342 3850; ppageno 0'>
   <div class='ocr_carea' id='block_1_1' title="bbox 218 305 803 360">
    <p class='ocr_par' dir='ltr' id='par_1_1' title="bbox 218 305 803 360">
     <span class='ocr_line' id='line_1_1' title="bbox 218 305 803 360; baseline -0.007 0"><span class='ocrx_word' id='word_1_1' title='bbox 218 313 266 360; x_wconf 73' lang='lat'>154</span> <span class='ocrx_word' id='word_1_2' title='bbox 539 309 676 359; x_wconf 74' lang='lat' dir='ltr'>nouem</span> <span class='ocrx_word' id='word_1_3' title='bbox 689 305 803 358; x_wconf 72' lang='lat' dir='ltr'>rmum</span> 
     </span>
    </p>
   </div>
   <div class='ocr_carea' id='block_1_2' title="bbox 156 436 1155 3336">
    <p class='ocr_par' dir='ltr' id='par_1_2' title="bbox 217 436 808 507">
     <span class='ocr_line' id='line_1_2' title="bbox 217 436 808 507; baseline -0.008 -13"><span class='ocrx_word' id='word_1_4' title='bbox 217 438 345 494; x_wconf 83' lang='lat' dir='ltr'>Setosam</span> <span class='ocrx_word' id='word_1_5' title='bbox 354 437 427 493; x_wconf 81' lang='lat' dir='ltr'>laevi</span> <span class='ocrx_word' id='word_1_6' title='bbox 437 438 560 492; x_wconf 81' lang='lat' dir='ltr'>frontem</span> <span class='ocrx_word' id='word_1_7' title='bbox 570 439 733 507; x_wconf 76' lang='lat' dir='ltr'><strong>turpaverat</strong></span> <span class='ocrx_word' id='word_1_8' title='bbox 744 436 808 490; x_wconf 79' lang='lat' dir='ltr'>oris</span> 
     </span>
    </p>

    <p class='ocr_par' dir='ltr' id='par_1_3' title="bbox 219 515 1019 591">
     <span class='ocr_line' id='line_1_3' title="bbox 219 515 1019 591; baseline -0.005 -17"><span class='ocrx_word' id='word_1_9' title='bbox 219 518 394 591; x_wconf 80' lang='lat' dir='ltr'>Campanum</span> <span class='ocrx_word' id='word_1_10' title='bbox 404 520 436 574; x_wconf 91' lang='lat' dir='ltr'>in</span> <span class='ocrx_word' id='word_1_11' title='bbox 447 517 587 586; x_wconf 82' lang='lat' dir='ltr'><strong>morbum,</strong></span> <span class='ocrx_word' id='word_1_12' title='bbox 599 516 740 572; x_wconf 74' lang='lat' dir='ltr'>infaciem</span> <span class='ocrx_word' id='word_1_13' title='bbox 752 515 891 588; x_wconf 79' lang='lat' dir='ltr'>permulta</span> <span class='ocrx_word' id='word_1_14' title='bbox 898 515 1019 586; x_wconf 80' lang='lat' dir='ltr'>jonatus,</span> 
     </span>
    </p>

    <p class='ocr_par' dir='ltr' id='par_1_4' title="bbox 220 597 823 669">
     <span class='ocr_line' id='line_1_4' title="bbox 220 597 823 669; baseline -0.005 -15"><span class='ocrx_word' id='word_1_15' title='bbox 220 598 366 654; x_wconf 77' lang='lat' dir='ltr'><strong>Pastorem</strong></span> <span class='ocrx_word' id='word_1_16' title='bbox 376 599 493 654; x_wconf 75' lang='lat' dir='ltr'>sultnret</span> <span class='ocrx_word' id='word_1_17' title='bbox 503 599 547 653; x_wconf 90' lang='lat' dir='ltr'>uti</span> <span class='ocrx_word' id='word_1_18' title='bbox 559 598 680 669; x_wconf 75' lang='lat' dir='ltr'>Cyclopa</span> <span class='ocrx_word' id='word_1_19' title='bbox 691 597 805 667; x_wconf 85' lang='lat' dir='ltr'>rogabat</span> <span class='ocrx_word' id='word_1_20' title='bbox 816 616 823 652; x_wconf 90' lang='lat'>:</span> 
     </span>
    </p>

    <p class='ocr_par' dir='ltr' id='par_1_5' title="bbox 218 678 913 750">
     <span class='ocr_line' id='line_1_5' title="bbox 218 678 913 750; baseline -0.006 -15"><span class='ocrx_word' id='word_1_21' title='bbox 218 679 267 735; x_wconf 89' lang='lat' dir='ltr'>Nil</span> <span class='ocrx_word' id='word_1_22' title='bbox 278 680 320 735; x_wconf 93' lang='lat' dir='ltr'>illi</span> <span class='ocrx_word' id='word_1_23' title='bbox 331 681 407 735; x_wconf 83' lang='lat' dir='ltr'>lerva</span> <span class='ocrx_word' id='word_1_24' title='bbox 417 683 468 735; x_wconf 90' lang='lat' dir='ltr'>aut</span> <span class='ocrx_word' id='word_1_25' title='bbox 478 679 594 750; x_wconf 78' lang='lat' dir='ltr'>tragicis</span> <span class='ocrx_word' id='word_1_26' title='bbox 605 697 676 750; x_wconf 89' lang='lat' dir='ltr'>opus</span> <span class='ocrx_word' id='word_1_27' title='bbox 688 696 748 733; x_wconf 85' lang='lat' dir='ltr'>esse</span> <span class='ocrx_word' id='word_1_28' title='bbox 760 678 913 732; x_wconf 81' lang='lat' dir='ltr'>oothurnis</span> 
     </span>
    </p>

    <p class='ocr_par' dir='ltr' id='par_1_6' title="bbox 218 760 1008 832">
     <span class='ocr_line' id='line_1_6' title="bbox 218 760 1008 832; baseline -0.001 -17"><span class='ocrx_word' id='word_1_29' title='bbox 218 761 310 817; x_wconf 76' lang='lat' dir='ltr'>Mults</span> <span class='ocrx_word' id='word_1_30' title='bbox 320 761 462 816; x_wconf 70' lang='lat' dir='ltr'>(ticin-hus</span> <span class='ocrx_word' id='word_1_31' title='bbox 473 761 510 816; x_wconf 83' lang='lat' dir='ltr'>ed</span> <span class='ocrx_word' id='word_1_32' title='bbox 520 761 590 816; x_wconf 84' lang='lat' dir='ltr'>haee</span> <span class='ocrx_word' id='word_1_33' title='bbox 600 780 606 816; x_wconf 94' lang='lat'><strong>:</strong></span> <span class='ocrx_word' id='word_1_34' title='bbox 625 761 764 814; x_wconf 88' lang='lat' dir='ltr'>Donasset</span> <span class='ocrx_word' id='word_1_35' title='bbox 772 760 867 832; x_wconf 88' lang='lat' dir='ltr'>jamne</span> <span class='ocrx_word' id='word_1_36' title='bbox 879 762 1008 815; x_wconf 81' lang='lat' dir='ltr'>ostonem</span> 
     </span>
    </p>

    <p class='ocr_par' dir='ltr' id='par_1_7' title="bbox 218 839 947 912">
     <span class='ocr_line' id='line_1_7' title="bbox 218 839 947 912; baseline -0.001 -17"><span class='ocrx_word' id='word_1_37' title='bbox 218 841 262 895; x_wconf 80' lang='lat' dir='ltr'>Ex</span> <span class='ocrx_word' id='word_1_38' title='bbox 273 845 339 896; x_wconf 89' lang='lat' dir='ltr'>vote</span> <span class='ocrx_word' id='word_1_39' title='bbox 351 842 477 911; x_wconf 86' lang='lat' dir='ltr'>Laribus,</span> <span class='ocrx_word' id='word_1_40' title='bbox 491 842 642 912; x_wconf 85' lang='lat' dir='ltr'>quaerebat</span> <span class='ocrx_word' id='word_1_41' title='bbox 652 863 659 908; x_wconf 91' lang='lat'>;</span> <span class='ocrx_word' id='word_1_42' title='bbox 676 840 768 896; x_wconf 76' lang='lat' dir='ltr'>scriba</span> <span class='ocrx_word' id='word_1_43' title='bbox 778 839 853 911; x_wconf 88' lang='lat' dir='ltr'>quod</span> <span class='ocrx_word' id='word_1_44' title='bbox 865 844 947 911; x_wconf 88' lang='lat' dir='ltr'>esset,</span> 
     </span>
    </p>

    <p class='ocr_par' dir='ltr' id='par_1_8' title="bbox 218 923 886 994">
     <span class='ocr_line' id='line_1_8' title="bbox 218 923 886 994; baseline -0.001 -17"><span class='ocrx_word' id='word_1_45' title='bbox 218 923 315 978; x_wconf 83' lang='lat' dir='ltr'>Nihilo</span> <span class='ocrx_word' id='word_1_46' title='bbox 328 923 452 980; x_wconf 89' lang='lat' dir='ltr'>deterius</span> <span class='ocrx_word' id='word_1_47' title='bbox 464 924 591 979; x_wconf 86' lang='lat' dir='ltr'>dominae</span> <span class='ocrx_word' id='word_1_48' title='bbox 600 923 647 994; x_wconf 88' lang='lat' dir='ltr'>jus</span> <span class='ocrx_word' id='word_1_49' title='bbox 659 941 728 979; x_wconf 88' lang='lat' dir='ltr'>esse.</span> <span class='ocrx_word' id='word_1_50' title='bbox 762 923 886 993; x_wconf 82' lang='lat' dir='ltr'>Rogabet</span> 
     </span>
    </p>

    <p class='ocr_par' dir='ltr' id='par_1_9' title="bbox 219 1002 887 1076">
     <span class='ocr_line' id='line_1_9' title="bbox 219 1002 887 1076; baseline 0.001 -19"><span class='ocrx_word' id='word_1_51' title='bbox 219 1002 347 1074; x_wconf 90' lang='lat' dir='ltr'>Denique</span> <span class='ocrx_word' id='word_1_52' title='bbox 360 1021 410 1059; x_wconf 88' lang='lat' dir='ltr'>our</span> <span class='ocrx_word' id='word_1_53' title='bbox 420 1021 544 1075; x_wconf 79' lang='lat' dir='ltr'>unquam</span> <span class='ocrx_word' id='word_1_54' title='bbox 555 1004 682 1076; x_wconf 73' lang='lat' dir='ltr'>fugisset,</span> <span class='ocrx_word' id='word_1_55' title='bbox 694 1003 740 1058; x_wconf 86' lang='lat' dir='ltr'>oui</span> <span class='ocrx_word' id='word_1_56' title='bbox 751 1004 821 1058; x_wconf 83' lang='lat' dir='ltr'>setis</span> <span class='ocrx_word' id='word_1_57' title='bbox 831 1021 887 1059; x_wconf 80' lang='lat' dir='ltr'>une</span> 
     </span>
    </p>

    <p class='ocr_par' dir='ltr' id='par_1_10' title="bbox 219 1084 884 1157">
     <span class='ocr_line' id='line_1_10' title="bbox 219 1084 884 1157; baseline 0.002 -18"><span class='ocrx_word' id='word_1_58' title='bbox 219 1084 312 1140; x_wconf 71' lang='lat' dir='ltr'>Farris</span> <span class='ocrx_word' id='word_1_59' title='bbox 323 1085 394 1141; x_wconf 86' lang='lat' dir='ltr'>libra</span> <span class='ocrx_word' id='word_1_60' title='bbox 403 1086 478 1141; x_wconf 81' lang='lat' dir='ltr'>foret</span> <span class='ocrx_word' id='word_1_61' title='bbox 490 1087 587 1157; x_wconf 78' lang='lat' dir='ltr'>gracili</span> <span class='ocrx_word' id='word_1_62' title='bbox 598 1085 639 1140; x_wconf 89' lang='lat' dir='ltr'>sio</span> <span class='ocrx_word' id='word_1_63' title='bbox 649 1088 764 1156; x_wconf 85' lang='lat' dir='ltr'>temque</span> <span class='ocrx_word' id='word_1_64' title='bbox 775 1085 884 1156; x_wconf 88' lang='lat' dir='ltr'>pusillo.</span> 
     </span>
    </p>

    <p class='ocr_par' dir='ltr' id='par_1_11' title="bbox 219 1164 883 1237">
     <span class='ocr_line' id='line_1_11' title="bbox 219 1164 883 1237; baseline 0 -17"><span class='ocrx_word' id='word_1_65' title='bbox 219 1164 336 1221; x_wconf 88' lang='lat' dir='ltr'>Prorsus</span> <span class='ocrx_word' id='word_1_66' title='bbox 343 1166 467 1237; x_wconf 76' lang='lat' dir='ltr'>jucunde</span> <span class='ocrx_word' id='word_1_67' title='bbox 478 1184 593 1221; x_wconf 76' lang='lat' dir='ltr'>menam</span> <span class='ocrx_word' id='word_1_68' title='bbox 604 1166 787 1237; x_wconf 85' lang='lat' dir='ltr'>produximus</span> <span class='ocrx_word' id='word_1_69' title='bbox 799 1165 883 1220; x_wconf 77' lang='lat' dir='ltr'>illem.</span> 
     </span>
    </p>

    <p class='ocr_par' dir='ltr' id='par_1_12' title="bbox 220 1245 1054 1317">
     <span class='ocr_line' id='line_1_12' title="bbox 220 1245 1054 1317; baseline -0.002 -15"><span class='ocrx_word' id='word_1_70' title='bbox 220 1246 373 1302; x_wconf 77' lang='lat' dir='ltr'><strong>Tendimus</strong></span> <span class='ocrx_word' id='word_1_71' title='bbox 384 1247 452 1302; x_wconf 92' lang='lat' dir='ltr'>hino</span> <span class='ocrx_word' id='word_1_72' title='bbox 463 1251 540 1303; x_wconf 83' lang='lat' dir='ltr'>recta</span> <span class='ocrx_word' id='word_1_73' title='bbox 550 1247 751 1316; x_wconf 83' lang='lat' dir='ltr'>Beneventum,</span> <span class='ocrx_word' id='word_1_74' title='bbox 763 1246 813 1301; x_wconf 91' lang='lat' dir='ltr'>ubi</span> <span class='ocrx_word' id='word_1_75' title='bbox 824 1245 938 1301; x_wconf 87' lang='lat' dir='ltr'>sedulus</span> <span class='ocrx_word' id='word_1_76' title='bbox 947 1245 1054 1317; x_wconf 77' lang='lat' dir='ltr'>hospes</span> 
     </span>
    </p>

    <p class='ocr_par' dir='ltr' id='par_1_13' title="bbox 220 1325 930 1396">
     <span class='ocr_line' id='line_1_13' title="bbox 220 1325 930 1396; baseline 0 -16"><span class='ocrx_word' id='word_1_77' title='bbox 220 1326 310 1382; x_wconf 84' lang='lat' dir='ltr'>Peene</span> <span class='ocrx_word' id='word_1_78' title='bbox 321 1345 429 1382; x_wconf 82' lang='lat' dir='ltr'>meoros</span> <span class='ocrx_word' id='word_1_79' title='bbox 440 1327 509 1382; x_wconf 83' lang='lat' dir='ltr'>arsit</span> <span class='ocrx_word' id='word_1_80' title='bbox 521 1326 589 1382; x_wconf 89' lang='lat' dir='ltr'>dum</span> <span class='ocrx_word' id='word_1_81' title='bbox 600 1326 699 1381; x_wconf 85' lang='lat' dir='ltr'>turdos</span> <span class='ocrx_word' id='word_1_82' title='bbox 710 1329 803 1380; x_wconf 87' lang='lat' dir='ltr'>versat</span> <span class='ocrx_word' id='word_1_83' title='bbox 814 1327 844 1380; x_wconf 88' lang='lat' dir='ltr'>in</span> <span class='ocrx_word' id='word_1_84' title='bbox 854 1325 913 1396; x_wconf 85' lang='lat' dir='ltr'>igni</span> <span class='ocrx_word' id='word_1_85' title='bbox 922 1346 930 1393; x_wconf 90' lang='lat'>;</span> 
     </span>
    </p>

    <p class='ocr_par' dir='ltr' id='par_1_14' title="bbox 220 1407 949 1480">
     <span class='ocr_line' id='line_1_14' title="bbox 220 1407 949 1480; baseline 0.001 -19"><span class='ocrx_word' id='word_1_86' title='bbox 220 1407 295 1462; x_wconf 87' lang='lat' dir='ltr'>Nam</span> <span class='ocrx_word' id='word_1_87' title='bbox 305 1425 375 1478; x_wconf 85' lang='lat' dir='ltr'>vaga</span> <span class='ocrx_word' id='word_1_88' title='bbox 385 1425 437 1480; x_wconf 83' lang='lat' dir='ltr'>per</span> <span class='ocrx_word' id='word_1_89' title='bbox 446 1411 571 1462; x_wconf 87' lang='lat' dir='ltr'>veterem</span> <span class='ocrx_word' id='word_1_90' title='bbox 581 1407 691 1479; x_wconf 77' lang='lat' dir='ltr'>dilapso</span> <span class='ocrx_word' id='word_1_91' title='bbox 702 1407 815 1462; x_wconf 80' lang='lat' dir='ltr'>flamme</span> <span class='ocrx_word' id='word_1_92' title='bbox 826 1407 949 1462; x_wconf 86' lang='lat' dir='ltr'>oulinsm</span> 
     </span>
    </p>

    <p class='ocr_par' dir='ltr' id='par_1_15' title="bbox 156 1486 1154 1644">
     <span class='ocr_line' id='line_1_15' title="bbox 221 1486 1154 1574; baseline 0 -31"><span class='ocrx_word' id='word_1_93' title='bbox 221 1489 346 1544; x_wconf 77' lang='lat' dir='ltr'>Vulcano</span> <span class='ocrx_word' id='word_1_94' title='bbox 358 1506 502 1544; x_wconf 87' lang='lat' dir='ltr'>summum</span> <span class='ocrx_word' id='word_1_95' title='bbox 511 1488 678 1560; x_wconf 77' lang='lat' dir='ltr'>properabat</span> <span class='ocrx_word' id='word_1_96' title='bbox 689 1488 810 1543; x_wconf 78' lang='lat' dir='ltr'>lembore</span> <span class='ocrx_word' id='word_1_97' title='bbox 821 1491 937 1543; x_wconf 77' lang='lat' dir='ltr'>tectum.</span> <span class='ocrx_word' id='word_1_98' title='bbox 1153 1486 1154 1574; x_wconf 60' lang='lat' dir='ltr'>l</span> 
     </span>
     <span class='ocr_line' id='line_1_16' title="bbox 156 1568 1154 1644; baseline -0.003 -20"><span class='ocrx_word' id='word_1_99' title='bbox 156 1592 159 1597; x_wconf 92' lang='lat'>·</span> <span class='ocrx_word' id='word_1_100' title='bbox 221 1569 357 1624; x_wconf 73' lang='lat' dir='ltr'>Convivas</span> <span class='ocrx_word' id='word_1_101' title='bbox 368 1569 464 1624; x_wconf 84' lang='lat' dir='ltr'>avidos</span> <span class='ocrx_word' id='word_1_102' title='bbox 475 1586 590 1624; x_wconf 81' lang='lat' dir='ltr'>ooenem</span> <span class='ocrx_word' id='word_1_103' title='bbox 602 1585 751 1639; x_wconf 85' lang='lat' dir='ltr'>servosque</span> <span class='ocrx_word' id='word_1_104' title='bbox 762 1568 896 1644; x_wconf 87' lang='lat' dir='ltr'>timentes</span> <span class='ocrx_word' id='word_1_105' title='bbox 1153 1583 1154 1588; x_wconf 50' lang='lat'>¹</span> 
     </span>
    </p>

    <p class='ocr_par' dir='ltr' id='par_1_16' title="bbox 221 1648 1012 1721">
     <span class='ocr_line' id='line_1_17' title="bbox 221 1648 1012 1721; baseline 0 -17"><span class='ocrx_word' id='word_1_106' title='bbox 221 1649 294 1704; x_wconf 84' lang='lat' dir='ltr'>Tum</span> <span class='ocrx_word' id='word_1_107' title='bbox 305 1668 411 1721; x_wconf 84' lang='lat' dir='ltr'>repere,</span> <span class='ocrx_word' id='word_1_108' title='bbox 422 1654 509 1720; x_wconf 80' lang='lat' dir='ltr'>etque</span> <span class='ocrx_word' id='word_1_109' title='bbox 520 1667 618 1704; x_wconf 87' lang='lat' dir='ltr'>omnes</span> <span class='ocrx_word' id='word_1_110' title='bbox 630 1650 802 1720; x_wconf 76' lang='lat' dir='ltr'>restinguere</span> <span class='ocrx_word' id='word_1_111' title='bbox 813 1649 883 1704; x_wconf 87' lang='lat' dir='ltr'>velle</span> <span class='ocrx_word' id='word_1_112' title='bbox 894 1648 1012 1704; x_wconf 78' lang='lat' dir='ltr'>videres.</span> 
     </span>
    </p>

    <p class='ocr_par' dir='ltr' id='par_1_17' title="bbox 221 1730 765 1802">
     <span class='ocr_line' id='line_1_18' title="bbox 221 1730 765 1802; baseline -0.004 -16"><span class='ocrx_word' id='word_1_113' title='bbox 221 1730 327 1802; x_wconf 76' lang='lat' dir='ltr'>Incipit</span> <span class='ocrx_word' id='word_1_114' title='bbox 339 1748 373 1786; x_wconf 85' lang='lat' dir='ltr'>ex</span> <span class='ocrx_word' id='word_1_115' title='bbox 383 1732 432 1785; x_wconf 88' lang='lat' dir='ltr'>illo</span> <span class='ocrx_word' id='word_1_116' title='bbox 443 1733 554 1785; x_wconf 84' lang='lat' dir='ltr'>montes</span> <span class='ocrx_word' id='word_1_117' title='bbox 566 1730 670 1801; x_wconf 82' lang='lat' dir='ltr'>Apulis</span> <span class='ocrx_word' id='word_1_118' title='bbox 681 1733 765 1785; x_wconf 90' lang='lat' dir='ltr'>notos</span> 
     </span>
    </p>

    <p class='ocr_par' dir='ltr' id='par_1_18' title="bbox 221 1810 919 1882">
     <span class='ocr_line' id='line_1_19' title="bbox 221 1810 919 1882; baseline 0 -15"><span class='ocrx_word' id='word_1_119' title='bbox 221 1811 369 1867; x_wconf 80' lang='lat' dir='ltr'>Ostentare</span> <span class='ocrx_word' id='word_1_120' title='bbox 380 1812 460 1880; x_wconf 90' lang='lat' dir='ltr'>mihi,</span> <span class='ocrx_word' id='word_1_121' title='bbox 472 1828 542 1881; x_wconf 85' lang='lat' dir='ltr'>quoa</span> <span class='ocrx_word' id='word_1_122' title='bbox 553 1814 645 1866; x_wconf 86' lang='lat' dir='ltr'>torret</span> <span class='ocrx_word' id='word_1_123' title='bbox 656 1810 796 1866; x_wconf 79' lang='lat' dir='ltr'>Atabulus</span> <span class='ocrx_word' id='word_1_124' title='bbox 808 1814 839 1866; x_wconf 89' lang='lat' dir='ltr'>et</span> <span class='ocrx_word' id='word_1_125' title='bbox 850 1828 919 1882; x_wconf 92' lang='lat' dir='ltr'>quos</span> 
     </span>
    </p>

    <p class='ocr_par' dir='ltr' id='par_1_19' title="bbox 220 1891 894 1964">
     <span class='ocr_line' id='line_1_20' title="bbox 220 1891 894 1964; baseline 0.003 -17"><span class='ocrx_word' id='word_1_126' title='bbox 220 1892 374 1964; x_wconf 84' lang='lat' dir='ltr'>Nunquam</span> <span class='ocrx_word' id='word_1_127' title='bbox 385 1909 546 1964; x_wconf 86' lang='lat' dir='ltr'>erepsemus</span> <span class='ocrx_word' id='word_1_128' title='bbox 557 1892 614 1947; x_wconf 89' lang='lat' dir='ltr'>nisi</span> <span class='ocrx_word' id='word_1_129' title='bbox 626 1909 677 1947; x_wconf 88' lang='lat' dir='ltr'>nos</span> <span class='ocrx_word' id='word_1_130' title='bbox 689 1891 780 1947; x_wconf 87' lang='lat' dir='ltr'>vieina</span> <span class='ocrx_word' id='word_1_131' title='bbox 791 1892 894 1949; x_wconf 78' lang='lat' dir='ltr'>Trivici</span> 
     </span>
    </p>

    <p class='ocr_par' dir='ltr' id='par_1_20' title="bbox 221 1973 1155 2044">
     <span class='ocr_line' id='line_1_21' title="bbox 221 1973 1155 2044; baseline -0.002 -17"><span class='ocrx_word' id='word_1_132' title='bbox 221 1973 296 2029; x_wconf 77' lang='lat' dir='ltr'>Villa</span> <span class='ocrx_word' id='word_1_133' title='bbox 306 1973 622 2044; x_wconf 80' lang='lat' dir='ltr'>reeepisset,lsorimoso</span> <span class='ocrx_word' id='word_1_134' title='bbox 632 1990 690 2028; x_wconf 91' lang='lat' dir='ltr'>non</span> <span class='ocrx_word' id='word_1_135' title='bbox 702 1973 860 2042; x_wconf 82' lang='lat' dir='ltr'>sinelumo,</span> <span class='ocrx_word' id='word_1_136' title='bbox 1097 1974 1155 2027; x_wconf 60' lang='lat'>80,</span> 
     </span>
    </p>

    <p class='ocr_par' dir='ltr' id='par_1_21' title="bbox 224 2053 806 2109">
     <span class='ocr_line' id='line_1_22' title="bbox 224 2053 806 2109; baseline -0.002 0"><span class='ocrx_word' id='word_1_137' title='bbox 224 2053 301 2109; x_wconf 87' lang='lat' dir='ltr'>Udos</span> <span class='ocrx_word' id='word_1_138' title='bbox 312 2072 378 2109; x_wconf 83' lang='lat' dir='ltr'>oum</span> <span class='ocrx_word' id='word_1_139' title='bbox 388 2054 462 2109; x_wconf 83' lang='lat' dir='ltr'>foliis</span> <span class='ocrx_word' id='word_1_140' title='bbox 473 2070 567 2108; x_wconf 81' lang='lat' dir='ltr'>remes</span> <span class='ocrx_word' id='word_1_141' title='bbox 578 2056 679 2108; x_wconf 88' lang='lat' dir='ltr'>urente</span> <span class='ocrx_word' id='word_1_142' title='bbox 690 2054 806 2109; x_wconf 85' lang='lat' dir='ltr'>oamino.</span> 
     </span>
    </p>

    <p class='ocr_par' dir='ltr' id='par_1_22' title="bbox 220 2133 940 2206">
     <span class='ocr_line' id='line_1_23' title="bbox 220 2133 940 2206; baseline 0 -17"><span class='ocrx_word' id='word_1_143' title='bbox 220 2134 276 2189; x_wconf 87' lang='lat' dir='ltr'>Hie</span> <span class='ocrx_word' id='word_1_144' title='bbox 287 2152 337 2206; x_wconf 82' lang='lat' dir='ltr'>ego</span> <span class='ocrx_word' id='word_1_145' title='bbox 348 2134 509 2189; x_wconf 82' lang='lat' dir='ltr'>mendaeem</span> <span class='ocrx_word' id='word_1_146' title='bbox 520 2135 709 2190; x_wconf 88' lang='lat' dir='ltr'>stultissimus</span> <span class='ocrx_word' id='word_1_147' title='bbox 718 2152 808 2205; x_wconf 86' lang='lat' dir='ltr'>usque</span> <span class='ocrx_word' id='word_1_148' title='bbox 820 2133 940 2206; x_wconf 76' lang='lat' dir='ltr'>puellam</span> 
     </span>
    </p>

    <p class='ocr_par' dir='ltr' id='par_1_23' title="bbox 221 2215 1022 2287">
     <span class='ocr_line' id='line_1_24' title="bbox 221 2215 1022 2287; baseline -0.001 -16"><span class='ocrx_word' id='word_1_149' title='bbox 221 2216 268 2271; x_wconf 85' lang='lat' dir='ltr'>Ad</span> <span class='ocrx_word' id='word_1_150' title='bbox 277 2216 400 2271; x_wconf 83' lang='lat' dir='ltr'>mediam</span> <span class='ocrx_word' id='word_1_151' title='bbox 410 2220 523 2271; x_wconf 76' lang='lat' dir='ltr'>noctem</span> <span class='ocrx_word' id='word_1_152' title='bbox 533 2220 680 2287; x_wconf 78' lang='lat' dir='ltr'>exspecto:</span> <span class='ocrx_word' id='word_1_153' title='bbox 696 2233 811 2270; x_wconf 86' lang='lat' dir='ltr'>somnus</span> <span class='ocrx_word' id='word_1_154' title='bbox 822 2219 917 2270; x_wconf 80' lang='lat' dir='ltr'>temen</span> <span class='ocrx_word' id='word_1_155' title='bbox 929 2215 1022 2270; x_wconf 75' lang='lat' dir='ltr'>aufert</span> 
     </span>
    </p>

    <p class='ocr_par' dir='ltr' id='par_1_24' title="bbox 197 2296 920 2363">
     <span class='ocr_line' id='line_1_25' title="bbox 197 2296 920 2363; baseline 0 -12"><span class='ocrx_word' id='word_1_156' title='bbox 197 2339 203 2351; x_wconf 86' lang='lat'><strong>.</strong></span> <span class='ocrx_word' id='word_1_157' title='bbox 221 2296 369 2360; x_wconf 85' lang='lat' dir='ltr'>Intentum</span> <span class='ocrx_word' id='word_1_158' title='bbox 380 2298 491 2363; x_wconf 88' lang='lat' dir='ltr'>veneri;</span> <span class='ocrx_word' id='word_1_159' title='bbox 507 2301 572 2351; x_wconf 91' lang='lat' dir='ltr'>tum</span> <span class='ocrx_word' id='word_1_160' title='bbox 582 2296 729 2351; x_wconf 86' lang='lat' dir='ltr'>immundo</span> <span class='ocrx_word' id='word_1_161' title='bbox 739 2297 847 2351; x_wconf 78' lang='lat' dir='ltr'>somnis</span> <span class='ocrx_word' id='word_1_162' title='bbox 858 2296 920 2351; x_wconf 88' lang='lat' dir='ltr'>visu</span> 
     </span>
    </p>

    <p class='ocr_par' dir='ltr' id='par_1_25' title="bbox 221 2376 1014 2448">
     <span class='ocr_line' id='line_1_26' title="bbox 221 2376 1014 2448; baseline 0.003 -17"><span class='ocrx_word' id='word_1_163' title='bbox 221 2376 398 2431; x_wconf 82' lang='lat' dir='ltr'>Nocturnem</span> <span class='ocrx_word' id='word_1_164' title='bbox 409 2381 518 2433; x_wconf 89' lang='lat' dir='ltr'>vestem</span> <span class='ocrx_word' id='word_1_165' title='bbox 529 2378 671 2431; x_wconf 76' lang='lat' dir='ltr'>maculent</span> <span class='ocrx_word' id='word_1_166' title='bbox 682 2382 864 2448; x_wconf 81' lang='lat' dir='ltr'>ventremque</span> <span class='ocrx_word' id='word_1_167' title='bbox 875 2378 1014 2447; x_wconf 86' lang='lat' dir='ltr'>supinum.</span> 
     </span>
    </p>

    <p class='ocr_par' dir='ltr' id='par_1_26' title="bbox 157 2457 940 2610">
     <span class='ocr_line' id='line_1_27' title="bbox 222 2457 940 2529; baseline 0.001 -17"><span class='ocrx_word' id='word_1_168' title='bbox 222 2457 362 2525; x_wconf 72' lang='lat' dir='ltr'>Quattuor</span> <span class='ocrx_word' id='word_1_169' title='bbox 372 2458 439 2513; x_wconf 85' lang='lat' dir='ltr'>hine</span> <span class='ocrx_word' id='word_1_170' title='bbox 449 2459 575 2529; x_wconf 75' lang='lat' dir='ltr'>rapimur</span> <span class='ocrx_word' id='word_1_171' title='bbox 585 2458 687 2528; x_wconf 87' lang='lat' dir='ltr'>viginti</span> <span class='ocrx_word' id='word_1_172' title='bbox 698 2462 728 2512; x_wconf 92' lang='lat' dir='ltr'>et</span> <span class='ocrx_word' id='word_1_173' title='bbox 739 2458 827 2513; x_wconf 87' lang='lat' dir='ltr'>millia</span> <span class='ocrx_word' id='word_1_174' title='bbox 837 2457 940 2528; x_wconf 88' lang='lat' dir='ltr'>rhedis,</span> 
     </span>
     <span class='ocr_line' id='line_1_28' title="bbox 157 2538 908 2610; baseline -0.001 -16"><span class='ocrx_word' id='word_1_175' title='bbox 157 2592 160 2594; x_wconf 13' lang='grc' dir='ltr'><strong>Α</strong></span> <span class='ocrx_word' id='word_1_176' title='bbox 220 2538 347 2593; x_wconf 81' lang='lat' dir='ltr'>Mansuri</span> <span class='ocrx_word' id='word_1_177' title='bbox 359 2539 492 2610; x_wconf 87' lang='lat' dir='ltr'>oppidulo</span> <span class='ocrx_word' id='word_1_178' title='bbox 503 2538 580 2609; x_wconf 90' lang='lat' dir='ltr'>quod</span> <span class='ocrx_word' id='word_1_179' title='bbox 590 2556 673 2593; x_wconf 87' lang='lat' dir='ltr'>versu</span> <span class='ocrx_word' id='word_1_180' title='bbox 684 2538 775 2593; x_wconf 82' lang='lat' dir='ltr'>dieere</span> <span class='ocrx_word' id='word_1_181' title='bbox 787 2556 843 2593; x_wconf 89' lang='lat' dir='ltr'>non</span> <span class='ocrx_word' id='word_1_182' title='bbox 855 2542 908 2607; x_wconf 86' lang='lat' dir='ltr'>est,</span> 
     </span>
    </p>

    <p class='ocr_par' dir='ltr' id='par_1_27' title="bbox 222 2618 878 2691">
     <span class='ocr_line' id='line_1_29' title="bbox 222 2618 878 2691; baseline 0.005 -19"><span class='ocrx_word' id='word_1_183' title='bbox 222 2618 314 2690; x_wconf 80' lang='lat' dir='ltr'>Signis</span> <span class='ocrx_word' id='word_1_184' title='bbox 325 2620 456 2691; x_wconf 84' lang='lat' dir='ltr'>perfeoile</span> <span class='ocrx_word' id='word_1_185' title='bbox 467 2623 529 2674; x_wconf 89' lang='lat' dir='ltr'>est:</span> <span class='ocrx_word' id='word_1_186' title='bbox 546 2620 625 2673; x_wconf 91' lang='lat' dir='ltr'>venit</span> <span class='ocrx_word' id='word_1_187' title='bbox 637 2619 772 2675; x_wconf 83' lang='lat' dir='ltr'>vilissime</span> <span class='ocrx_word' id='word_1_188' title='bbox 783 2638 878 2675; x_wconf 85' lang='lat' dir='ltr'>rerum</span> 
     </span>
    </p>

    <p class='ocr_par' dir='ltr' id='par_1_28' title="bbox 222 2700 937 2772">
     <span class='ocr_line' id='line_1_30' title="bbox 222 2700 937 2772; baseline 0.003 -17"><span class='ocrx_word' id='word_1_189' title='bbox 222 2700 278 2757; x_wconf 85' lang='lat' dir='ltr'>Hie</span> <span class='ocrx_word' id='word_1_190' title='bbox 288 2719 378 2772; x_wconf 85' lang='lat' dir='ltr'>aqua;</span> <span class='ocrx_word' id='word_1_191' title='bbox 394 2701 445 2757; x_wconf 86' lang='lat' dir='ltr'>sed</span> <span class='ocrx_word' id='word_1_192' title='bbox 455 2701 535 2772; x_wconf 84' lang='lat' dir='ltr'>panis</span> <span class='ocrx_word' id='word_1_193' title='bbox 546 2701 627 2771; x_wconf 82' lang='lat' dir='ltr'>louge</span> <span class='ocrx_word' id='word_1_194' title='bbox 638 2701 850 2772; x_wconf 87' lang='lat' dir='ltr'>puleherrimus,</span> <span class='ocrx_word' id='word_1_195' title='bbox 862 2702 937 2757; x_wconf 86' lang='lat' dir='ltr'>ultra</span> 
     </span>
    </p>

    <p class='ocr_par' dir='ltr' id='par_1_29' title="bbox 222 2781 1134 2853">
     <span class='ocr_line' id='line_1_31' title="bbox 222 2781 1134 2853; baseline 0.003 -17"><span class='ocrx_word' id='word_1_196' title='bbox 222 2781 345 2837; x_wconf 73' lang='lat' dir='ltr'>Callidus</span> <span class='ocrx_word' id='word_1_197' title='bbox 355 2786 390 2835; x_wconf 92' lang='lat' dir='ltr'>ut</span> <span class='ocrx_word' id='word_1_198' title='bbox 401 2783 488 2837; x_wconf 86' lang='lat' dir='ltr'>soleat</span> <span class='ocrx_word' id='word_1_199' title='bbox 499 2782 625 2837; x_wconf 87' lang='lat' dir='ltr'>humeris</span> <span class='ocrx_word' id='word_1_200' title='bbox 636 2785 747 2853; x_wconf 75' lang='lat' dir='ltr'>poi-tere</span> <span class='ocrx_word' id='word_1_201' title='bbox 759 2784 866 2849; x_wconf 85' lang='lat' dir='ltr'>viator;</span> <span class='ocrx_word' id='word_1_202' title='bbox 1098 2786 1134 2839; x_wconf 82' lang='lat'>90</span> 
     </span>
    </p>

    <p class='ocr_par' dir='ltr' id='par_1_30' title="bbox 220 2862 915 2934">
     <span class='ocr_line' id='line_1_32' title="bbox 220 2862 915 2934; baseline 0.001 -18"><span class='ocrx_word' id='word_1_203' title='bbox 220 2862 294 2917; x_wconf 84' lang='lat' dir='ltr'>Nem</span> <span class='ocrx_word' id='word_1_204' title='bbox 306 2862 410 2918; x_wconf 72' lang='lat' dir='ltr'>Canusi</span> <span class='ocrx_word' id='word_1_205' title='bbox 420 2862 569 2934; x_wconf 84' lang='lat' dir='ltr'>lapidosus,</span> <span class='ocrx_word' id='word_1_206' title='bbox 581 2880 669 2934; x_wconf 82' lang='lat' dir='ltr'>equae</span> <span class='ocrx_word' id='word_1_207' title='bbox 680 2880 738 2917; x_wconf 94' lang='lat' dir='ltr'>non</span> <span class='ocrx_word' id='word_1_208' title='bbox 749 2862 834 2917; x_wconf 86' lang='lat' dir='ltr'>ditior</span> <span class='ocrx_word' id='word_1_209' title='bbox 845 2879 915 2917; x_wconf 83' lang='lat' dir='ltr'>ums</span> 
     </span>
    </p>

    <p class='ocr_par' dir='ltr' id='par_1_31' title="bbox 221 2942 906 3009">
     <span class='ocr_line' id='line_1_33' title="bbox 221 2942 906 3009; baseline -0.003 -10"><span class='ocrx_word' id='word_1_210' title='bbox 221 2943 277 3009; x_wconf 84' lang='lat' dir='ltr'>Qui</span> <span class='ocrx_word' id='word_1_211' title='bbox 288 2944 366 2999; x_wconf 80' lang='lat' dir='ltr'>locus</span> <span class='ocrx_word' id='word_1_212' title='bbox 377 2962 395 2998; x_wconf 89' lang='lat' dir='ltr'>a</span> <span class='ocrx_word' id='word_1_213' title='bbox 405 2944 474 2999; x_wconf 82' lang='lat' dir='ltr'>lorti</span> <span class='ocrx_word' id='word_1_214' title='bbox 484 2944 621 2999; x_wconf 88' lang='lat' dir='ltr'>Diomede</span> <span class='ocrx_word' id='word_1_215' title='bbox 633 2946 678 2999; x_wconf 88' lang='lat' dir='ltr'>est</span> <span class='ocrx_word' id='word_1_216' title='bbox 689 2942 820 2997; x_wconf 82' lang='lat' dir='ltr'>conditus</span> <span class='ocrx_word' id='word_1_217' title='bbox 832 2942 906 2997; x_wconf 91' lang='lat' dir='ltr'>olim.</span> 
     </span>
    </p>

    <p class='ocr_par' dir='ltr' id='par_1_32' title="bbox 220 3022 937 3080">
     <span class='ocr_line' id='line_1_34' title="bbox 220 3022 937 3080; baseline 0.001 -2"><span class='ocrx_word' id='word_1_218' title='bbox 220 3022 368 3079; x_wconf 84' lang='lat' dir='ltr'>Flentibus</span> <span class='ocrx_word' id='word_1_219' title='bbox 378 3025 444 3079; x_wconf 86' lang='lat' dir='ltr'>hinc</span> <span class='ocrx_word' id='word_1_220' title='bbox 452 3024 555 3080; x_wconf 85' lang='lat' dir='ltr'>Varius</span> <span class='ocrx_word' id='word_1_221' title='bbox 566 3024 686 3079; x_wconf 78' lang='lat' dir='ltr'>discedit</span> <span class='ocrx_word' id='word_1_222' title='bbox 697 3026 822 3078; x_wconf 74' lang='lat' dir='ltr'>moestus</span> <span class='ocrx_word' id='word_1_223' title='bbox 833 3024 937 3079; x_wconf 73' lang='lat' dir='ltr'>amicis</span> 
     </span>
    </p>

    <p class='ocr_par' dir='ltr' id='par_1_33' title="bbox 222 3102 913 3176">
     <span class='ocr_line' id='line_1_35' title="bbox 222 3102 913 3176; baseline 0.001 -19"><span class='ocrx_word' id='word_1_224' title='bbox 222 3102 291 3157; x_wconf 91' lang='lat' dir='ltr'>Inde</span> <span class='ocrx_word' id='word_1_225' title='bbox 302 3103 398 3159; x_wconf 88' lang='lat' dir='ltr'>Rubos</span> <span class='ocrx_word' id='word_1_226' title='bbox 408 3105 475 3160; x_wconf 85' lang='lat' dir='ltr'>fessi</span> <span class='ocrx_word' id='word_1_227' title='bbox 486 3106 675 3176; x_wconf 84' lang='lat' dir='ltr'>pervenimus,</span> <span class='ocrx_word' id='word_1_228' title='bbox 687 3107 787 3176; x_wconf 84' lang='lat' dir='ltr'>utpote</span> <span class='ocrx_word' id='word_1_229' title='bbox 799 3104 913 3175; x_wconf 84' lang='lat' dir='ltr'>longum</span> 
     </span>
    </p>

    <p class='ocr_par' dir='ltr' id='par_1_34' title="bbox 221 3182 875 3256">
     <span class='ocr_line' id='line_1_36' title="bbox 221 3182 875 3256; baseline 0.003 -19"><span class='ocrx_word' id='word_1_230' title='bbox 221 3182 374 3253; x_wconf 70' lang='lat' dir='ltr'>(terpentes</span> <span class='ocrx_word' id='word_1_231' title='bbox 385 3185 440 3239; x_wconf 88' lang='lat' dir='ltr'>iter</span> <span class='ocrx_word' id='word_1_232' title='bbox 452 3188 481 3239; x_wconf 89' lang='lat' dir='ltr'>et</span> <span class='ocrx_word' id='word_1_233' title='bbox 492 3186 599 3240; x_wconf 80' lang='lat' dir='ltr'>factum</span> <span class='ocrx_word' id='word_1_234' title='bbox 611 3186 771 3256; x_wconf 78' lang='lat' dir='ltr'>corruptius</span> <span class='ocrx_word' id='word_1_235' title='bbox 782 3184 875 3239; x_wconf 86' lang='lat' dir='ltr'>imbri.</span> 
     </span>
    </p>

    <p class='ocr_par' dir='ltr' id='par_1_35' title="bbox 221 3262 914 3336">
     <span class='ocr_line' id='line_1_37' title="bbox 221 3262 914 3336; baseline 0.009 -22"><span class='ocrx_word' id='word_1_236' title='bbox 221 3262 338 3316; x_wconf 88' lang='lat' dir='ltr'>Postera</span> <span class='ocrx_word' id='word_1_237' title='bbox 348 3266 503 3334; x_wconf 83' lang='lat' dir='ltr'>tempestas</span> <span class='ocrx_word' id='word_1_238' title='bbox 513 3264 621 3333; x_wconf 85' lang='lat' dir='ltr'>melior,</span> <span class='ocrx_word' id='word_1_239' title='bbox 632 3265 679 3318; x_wconf 82' lang='lat' dir='ltr'>vie</span> <span class='ocrx_word' id='word_1_240' title='bbox 690 3264 768 3336; x_wconf 87' lang='lat' dir='ltr'>pejor</span> <span class='ocrx_word' id='word_1_241' title='bbox 779 3265 814 3320; x_wconf 82' lang='lat' dir='ltr'>ed</span> <span class='ocrx_word' id='word_1_242' title='bbox 825 3282 914 3335; x_wconf 87' lang='lat' dir='ltr'>usque</span> 
     </span>
    </p>
   </div>
   <div class='ocr_carea' id='block_1_3' title="bbox 221 3340 875 3420">
    <p class='ocr_par' dir='ltr' id='par_1_36' title="bbox 221 3340 875 3420">
     <span class='ocr_line' id='line_1_38' title="bbox 221 3340 875 3420; baseline 0.014 -26"><span class='ocrx_word' id='word_1_243' title='bbox 221 3340 286 3395; x_wconf 80' lang='lat' dir='ltr'>Bari</span> <span class='ocrx_word' id='word_1_244' title='bbox 296 3342 407 3396; x_wconf 87' lang='lat' dir='ltr'>moenia</span> <span class='ocrx_word' id='word_1_245' title='bbox 417 3344 537 3420; x_wconf 83' lang='lat' dir='ltr'>pisensi;</span> <span class='ocrx_word' id='word_1_246' title='bbox 547 3344 613 3399; x_wconf 89' lang='lat' dir='ltr'>dein</span> <span class='ocrx_word' id='word_1_247' title='bbox 625 3344 729 3401; x_wconf 75' lang='lat' dir='ltr'>Gnatia</span> <span class='ocrx_word' id='word_1_248' title='bbox 739 3346 875 3418; x_wconf 80' lang='lat' dir='ltr'>Lymphis</span> 
     </span>
    </p>
   </div>
   <div class='ocr_carea' id='block_1_4' title="bbox 0 0 1180 3850">
    <p class='ocr_par' dir='ltr' id='par_1_37' title="bbox 0 0 1180 3850">
     <span class='ocr_line' id='line_1_39' title="bbox 0 0 1180 3850; baseline 0 0"><span class='ocrx_word' id='word_1_249' title='bbox 0 0 1180 3850; x_wconf 95' lang='lat' dir='ltr'> </span> 
     </span>
    </p>
   </div>
  </div>
 </body>
</html>
