2342 3850
231 368 234 374 .
319 329 497 380 chamum
505 331 586 386 III-7.

174 461 232 516 Sed
239 462 319 532 jueea
330 478 425 516 eoram
436 478 493 516 non
505 462 566 518 eine
578 464 690 518 mneeio

88 596 91 600 ,
175 544 272 612 Surgit
283 543 396 610 marito,
408 560 459 598 eeu
470 546 551 598 vocat
562 544 679 600 institor

213 623 269 678 Seu
281 624 361 677 nevis
373 623 514 694 Hispanae
525 626 667 696 magister,

249 704 424 758 Dedeoorum
435 705 577 774 pretiosus
589 709 708 777 emptor.

174 784 243 838 Non
253 784 298 838 hie
305 784 443 854 juventus
453 789 515 840 orta
525 786 692 856 parentibus

178 864 281 918 Infecit
294 881 399 934 aequor
409 865 543 935 sanguine
556 866 668 935 Punioo,

213 945 407 1015 Pyrrhumque
420 947 450 998 et
461 945 605 1016 ingentem
617 947 718 1002 cecidit

249 1025 423 1080 Antiochum
434 1025 677 1098 Hannibalemque
689 1027 781 1084 dirum
790 1049 797 1093 ;

178 1105 235 1159 Sed
246 1107 418 1160 mstioorum
429 1107 552 1162 masnila
563 1109 689 1164 militum

178 1185 277 1252 Proles,
289 1185 408 1240 Sabellis
419 1185 502 1257 <loeta
515 1187 656 1257 ligonibus

214 1264 333 1321 Versare
345 1266 440 1336 glebae
452 1270 482 1321 et
494 1285 605 1323 severae

249 1347 350 1400 Matris
362 1347 399 1400 ad
408 1348 558 1402 arbitrium
569 1349 674 1404 recisos

177 1426 295 1480 Portare
305 1426 405 1492 histee,
418 1427 461 1480 sol
472 1428 523 1482 ubi
534 1430 677 1484 montium

176 1506 304 1560 Mutaret
315 1507 430 1561 umbrae
442 1512 472 1562 et
480 1508 547 1579 juga
559 1510 685 1566 demeret

213 1586 307 1641 Bobue
318 1588 452 1658 fatigetis,
465 1590 587 1645 amicum

249 1667 373 1739 Tempus
385 1687 468 1740 agene
479 1670 601 1725 abeunte
614 1685 704 1725 curru

177 1747 320 1803 Damnose
331 1749 399 1819 quid
411 1767 468 1804 non
480 1750 626 1805 imminuit
639 1751 699 1804 dies
709 1750 720 1806 l

178 1828 268 1883 Aetas
280 1833 431 1900 parentum
442 1831 521 1901 pejor
531 1831 591 1884 evis
603 1831 672 1885 tulit

214 1909 275 1964 Nos
284 1911 438 1981 nequiores,
449 1929 516 1965 mox
529 1910 645 1966 detines

252 1990 414 2063 Progeniem
426 1992 607 2047 vitiosiorem.

463 2263 530 2321 VII.

180 2428 262 2495 Qum
273 2427 331 2496 fles,
343 2429 463 2494 Asterie,
476 2446 560 2499 quem
572 2430 627 2484 tihi
640 2430 750 2485 candidi

184 2509 281 2563 Primo
293 2510 446 2563 restituent
458 2527 523 2565 vere
535 2510 652 2566 Favonii

218 2589 317 2659 Thyna
329 2606 420 2643 meree
432 2590 553 2658 beatum,

253 2669 415 2725 Constantis
424 2670 558 2740 juvenem
567 2671 630 2739 fide,

184 2750 299 2821 Gygenl
335 2750 386 2806 Ille
398 2751 484 2805 Notis
496 2756 576 2805 aetus
588 2753 623 2806 ad
637 2751 752 2808 Oricum

183 2830 252 2885 Post
264 2832 362 2885 insana
373 2830 478 2902 Oepree
490 2832 581 2887 sidera
593 2833 707 2905 frigidas

223 2912 330 2966 Noetee
342 2929 399 2965 non
411 2913 472 2967 sine
484 2913 582 2967 multia

256 2991 397 3047 Ineomnie
408 2992 532 3047 lacrimis
543 2993 609 3063 agit.

185 3071 277 3141 Atqui
289 3072 423 3128 sollicitae
435 3074 554 3127 nuntius
564 3072 704 3145 hospitae,

187 3149 333 3222 Suspirare
345 3152 451 3207 Chloen
464 3155 494 3206 et
504 3153 635 3207 miseram
647 3153 706 3207 tuis

221 3230 327 3287 Dicens
339 3233 452 3302 ignibus
464 3233 518 3301 uri,

259 3312 365 3368 'lentat
376 3314 454 3369 mille
465 3314 542 3369 vafer
553 3312 654 3370 modis.
