2342 3850
222 287 267 333 200
403 281 539 332 nomm
551 283 665 332 FLAOCI
678 283 864 332 semesum
877 283 911 332 11.
926 285 950 332 8.

222 413 553 484 Prseeineiireeiepueri
565 411 919 483 eompiiqueminis’ereni!
1089 413 1119 464 70

222 494 304 550 Adde
314 495 368 549 hes
377 498 521 566 prseteres
532 511 621 562 essue,
633 495 728 548 eulees
739 496 824 547 ruant
835 493 861 547 si

223 577 266 630 Ut
277 575 377 642 modo;
394 576 420 630 si
432 575 556 645 petinam
567 573 639 644 pede
649 574 745 644 lapsus
757 574 866 643 frsngsi
877 589 967 643 agise.

223 655 278 710 Sed
289 657 473 711 convivatoris
484 655 529 709 uti
540 654 620 709 ducis
631 654 775 724 ingenium
786 671 831 707 res

222 737 363 792 Adversas
374 736 478 791 nudnre
489 735 590 804 solent,
603 736 689 790 eelare
700 733 853 789 seeundse?
1001 799 1005 806 .

222 817 391 872 Nasidienus
401 815 437 871 sd
447 815 532 870 haee:
550 815 629 869 ‘Tibi
641 815 669 870 di
681 831 861 885 quaeeunque
872 814 995 884 preceris

223 897 375 952 Commode
385 897 454 952 deni
466 898 473 951 Ι
509 895 556 950 Iis
567 895 612 950 vir
622 895 714 949 benus
726 913 756 950 es
767 895 937 964 convivaque
950 894 1052 950 semis!

220 977 259 1032 Es
270 980 360 1034 selees
370 977 469 1050 poscis
503 975 576 1030 Tum
587 977 619 1031 in
630 978 703 1031 lenio
715 993 824 1046 queque
836 974 947 1030 videres

222 1060 345 1114 Stridore
356 1061 464 1114 secrete
474 1055 580 1111 divisos
591 1073 656 1111 eure
669 1056 821 1112 susurros.”
913 1085 919 1096 ·

220 1144 236 1171 “
245 1139 345 1194 Nullos
355 1140 401 1195 his
411 1138 525 1193 mallem
536 1137 619 1192 ludos
631 1140 773 1208 spectasse
785 1157 791 1202 ;
808 1137 857 1191 sed
868 1136 916 1190 ills

220 1220 315 1275 Redde
326 1237 376 1290 ege
387 1236 458 1290 quse
469 1218 601 1288 deinceps
613 1217 722 1272 risisti?
758 1217 914 1272 “Vibidius
927 1216 997 1271 dum
1088 1218 1116 1268 80

222 1302 338 1370 ernerit
347 1301 382 1356 de
393 1300 488 1372 pueris
498 1317 569 1354 num
580 1299 621 1353 sii
631 1315 743 1369 quoque
754 1297 842 1352 frsete
852 1298 957 1368 lagena,

222 1384 304 1451 Quod
314 1383 369 1438 sibi
380 1381 508 1454 possenti
520 1398 577 1435 nen
588 1380 692 1434 dentur
703 1380 809 1450 poeuis,
821 1379 946 1450 dumque

221 1464 340 1520 Rideiur
350 1463 425 1518 fietis
436 1479 531 1517 rerum
542 1461 690 1517 lenirone
701 1460 833 1528 seeundo,

220 1544 378 1612 Nasidiene,
389 1543 463 1598 redis
474 1545 601 1597 muisise
612 1541 723 1610 frontis,
734 1543 769 1594 ui
780 1543 841 1594 sris

221 1624 429 1681 Emendeiurus
439 1624 583 1679 fortunam
591 1645 598 1689 ;
618 1622 717 1676 deinde
729 1621 820 1675 seeuii

222 1706 384 1760 Mezenemo
395 1704 475 1775 pueri
486 1719 587 1772 magno
599 1701 739 1772 diseerpte
748 1701 871 1756 sereniss

221 1786 347 1841 Membra
357 1785 434 1856 gruis
445 1783 535 1854 spersi
547 1783 603 1837 sede
614 1783 712 1850 mulie,
723 1798 780 1836 nen
792 1782 853 1836 sine
864 1782 950 1847 farm

222 1867 374 1938 Pinguibus
385 1868 415 1920 ei
426 1865 487 1918 fleis
498 1867 612 1935 pesium
626 1861 706 1934 jecur
716 1863 822 1917 anseris
834 1862 912 1916 slbse

221 1949 259 2003 Ei
269 1949 396 2019 leporum
407 1946 526 2012 evuses,
538 1947 572 1998 ui
582 1945 674 1999 mulio
685 1944 806 2011 suevius,
817 1960 916 2012 ermes,

221 2028 313 2094 Quem
325 2028 351 2083 si
362 2044 427 2081 eum
437 2025 542 2080 lumbis
553 2026 618 2095 quis
629 2024 705 2089 edii3
722 2028 786 2079 ium
798 2027 911 2095 peeiore
922 2023 1021 2078 edusio
1084 2024 1115 2074 90

221 2108 352 2163 Vidimus
363 2111 393 2163 ei
404 2107 526 2162 merulns
536 2106 604 2177 poni
616 2109 645 2160 ei
656 2107 717 2161 sine
729 2107 810 2161 elune
822 2106 976 2177 palumbes,

220 2188 326 2242 Suevos
336 2205 390 2257 res,
401 2188 426 2241 si
437 2204 494 2242 nen
506 2204 603 2242 causes
614 2190 739 2241 nsrrsrei
751 2204 847 2241 esrum
859 2190 889 2241 ei

220 2268 344 2323 Nsiurss
354 2267 485 2322 deminus
491 2286 499 2333 3
516 2284 601 2338 quem
612 2284 664 2321 nos
676 2269 716 2322 sie
727 2267 851 2337 fugimus
862 2267 925 2337 ulii,

222 2352 265 2406 Ui
275 2350 348 2406 nihil
359 2352 473 2405 omnine
484 2354 668 2421 gustaremus,
679 2351 757 2404 velut
768 2350 824 2405 illis

220 2432 335 2490 Osiridis
345 2432 467 2488 effinssei
477 2432 557 2504 pejor
567 2431 745 2503 serpentibus
757 2431 858 2487 iifl-'rs''
