2342 3850
330 325 509 374 CARIIIIIUII
528 327 574 374 III
592 328 681 385 121³.

205 453 253 508 Me
264 459 346 525 peter
356 454 447 509 suevis
459 459 556 510 oneret
568 456 675 511 cetenis

207 535 290 602 Quod
300 537 361 590 viro
373 536 495 591 clemens
505 537 608 591 misero
620 537 731 608 peperci
742 557 749 604 ;

205 616 252 670 Me
264 617 309 671 vel
321 620 463 671 extremos
474 615 664 672 Numidarum
675 619 706 672 in
717 635 796 690 egros

242 697 334 752 Classe
346 698 456 768 releget

206 777 221 830 I
232 778 317 848 pedes
328 795 384 848 quo
395 782 426 832 te
438 779 553 850 rapiunt
564 783 595 834 et
606 797 689 834 surse

204 857 281 912 Dum
292 858 369 912 fovet
380 877 436 913 nox
448 864 478 914 et
489 861 594 929 Venus,
607 862 617 915 i
629 862 751 917 seeundo

205 939 305 994 Omine
317 942 347 994 et
358 941 448 995 nostri
459 958 613 997 memorem
624 943 752 1015 sepulcro

239 1021 337 1092 Sculpe
349 1021 513 1092 querela&

478 1307 545 1362 XII

96 1476 279 1530 Mummi
290 1477 335 1529 est
346 1491 438 1544 neque
450 1474 538 1528 emori
550 1473 615 1530 dore
628 1473 727 1528 ludum
736 1491 827 1546 neque
839 1475 915 1530 dulci

96 1556 171 1612 Mala
182 1556 248 1610 vino
260 1555 358 1623 levero,
370 1558 421 1609 eut
433 1553 584 1608 exanimari
596 1558 756 1610 metuentes

131 1637 252 1692 Petruse
263 1635 381 1690 verbere
390 1634 508 1706 linguee.

97 1715 161 1770 'libi
173 1715 290 1785 quulum
301 1714 454 1786 Cythereae
466 1715 611 1785 puerulos,
623 1713 678 1769 tibi
689 1715 760 1770 telas

98 1797 293 1868 Operosneque
303 1795 443 1849 Minervae
455 1795 582 1850 studium
594 1795 693 1864 aufert,
704 1795 733 1850 N
733 1793 837 1863 eobule,

131 1876 261 1949 Liparaei
272 1876 349 1931 nitor
359 1876 455 1945 Hebri

97 1958 188 2015 Simul
197 1961 301 2013 unetos
312 1957 451 2013 Tiberinis
463 1959 593 2012 humeros
605 1957 674 2013 levIt
685 1957 715 2011 In
726 1958 817 2024 undis,

98 2040 190 2111 Eques
202 2040 265 2111 ipso
276 2038 376 2093 melior
387 2038 608 2109 Bellerophonte,
620 2056 711 2109 neque
723 2056 817 2109 pugno

132 2120 232 2191 Neque
243 2119 322 2191 segni
334 2117 405 2189 pede
415 2120 524 2185 viotus3

99 2198 186 2253 Cetus
197 2199 276 2255 idem
287 2216 338 2270 per
348 2202 479 2269 opertum
488 2199 629 2270 fugientes
640 2200 746 2270 egiteto

99 2279 187 2351 Grege
199 2297 296 2335 cervos
304 2279 421 2349 joculari
433 2283 463 2333 et
475 2280 547 2334 oeler
557 2281 615 2336 ulto
626 2280 787 2336 latitantem

133 2359 278 2415 Frutioeto
290 2360 416 2431 excipere
428 2377 535 2431 eprum.

475 2638 560 2694 XIII.

206 2801 230 2855 0
241 2815 313 2857 sons
325 2800 489 2870 Bandusiae,
502 2802 673 2872 splendidior
684 2803 767 2870 vitro,

206 2881 290 2936 Duloi
301 2882 384 2952 digne
396 2899 474 2937 mero
485 2900 542 2937 non
553 2884 615 2937 sine
627 2882 751 2951 floribus,

240 2962 308 3018 Orus
320 2963 468 3018 donaberis
480 2962 570 3017 hoedo

276 3043 329 3098 Oui
340 3044 419 3099 frons
430 3043 543 3113 turgide
554 3044 686 3099 oornibus

204 3122 305 3178 Primis
317 3127 347 3178 et
359 3141 490 3179 venerem
502 3126 532 3177 et
543 3124 649 3193 proelio
660 3121 801 3191 destinat,

205 3203 335 3259 Frustra:
353 3222 419 3259 nem
431 3203 537 3275 gelidos
549 3204 656 3259 inficiet
668 3203 724 3259 tibi

238 3283 334 3339 Rubro
346 3286 480 3355 sunguine
492 3283 567 3338 rivos

274 3365 383 3421 lascivi
394 3364 505 3421 suboles
517 3364 616 3434 gregis.
