2342 3850
538 295 675 344 Honlrn
689 294 801 344 mom

321 427 512 497 Pavidumque
523 426 649 496 leporem
660 428 690 480 et
702 425 838 480 advenam
849 425 949 497 laqueo
960 443 1059 498 gruem

355 508 485 564 Jucirnda
496 511 592 578 captat
603 507 734 578 praemia.

321 590 393 657 Quis
403 606 460 644 non
472 589 609 642 malarum
621 605 691 658 ques
703 605 781 642 amor
792 604 872 643 ouras
883 587 970 644 habet

357 669 435 724 Heeo
445 669 520 723 inter
530 668 724 724 obliviscitur?

322 749 428 817 Quodsi
439 749 541 820 pudica
552 750 654 804 mulier
665 750 695 803 in
707 751 817 819 partem
825 749 909 820 juvat

357 831 480 886 Domum
491 834 575 901 atque
588 830 684 886 dulces
695 831 807 898 liberos,

322 911 424 967 Sabina
435 911 525 982 qualis
537 914 586 966 aut
598 915 714 982 perusta
725 911 831 965 solibus

358 993 482 1047 Pernicis
494 1009 565 1046 uxor
576 992 671 1062 Apuli,
1150 1018 1151 1084 r

322 1074 437 1129 Sacrum
449 1073 571 1128 vetustis
583 1074 711 1126 exstruat
722 1071 805 1142 lignis
816 1071 910 1126 focum

358 1154 434 1208 lessi
446 1153 501 1207 eub
512 1153 665 1208 adventum
676 1152 738 1221 viri,

322 1233 515 1303 claudensque
526 1233 615 1287 textis
627 1232 751 1287 cratibus
762 1232 868 1287 laetum
879 1247 965 1302 pecus

356 1314 489 1368 Distento
499 1313 587 1367 siccet
598 1312 693 1382 ubera,

322 1395 360 1449 Et
370 1394 459 1448 horna
470 1394 545 1448 dulci
556 1394 622 1448 vina
633 1409 765 1464 promens
778 1392 851 1447 dolio

358 1473 452 1546 Dapes
464 1475 605 1544 inemptas
617 1477 746 1544 apparet:

321 1555 386 1609 Non
397 1573 444 1610 me
456 1554 574 1609 Lucrina
582 1554 710 1624 juverint
722 1553 867 1624 conchylia

356 1636 480 1707 Magisve
490 1636 626 1690 rhombus
637 1639 688 1690 aut
700 1636 780 1704 scari,
855 1679 860 1688 .

322 1717 352 1773 Si
364 1734 434 1788 quos
445 1717 511 1771 Eois
522 1717 652 1771 intonata
663 1715 797 1771 fiuctibus

356 1797 456 1854 Hiems
467 1797 503 1851 ad
513 1797 567 1850 hoc
576 1799 671 1851 vertet
682 1813 774 1861 mare;

322 1876 883 1933 NonAfraavisdescendatinventrem
894 1892 998 1945 meum,
1154 1909 1155 1966 1

356 1959 422 2013 Non
433 1962 546 2029 attagen
558 1957 672 2013 Ionicus
1154 1976 1155 1979 ¹

322 2042 340 2095 J
341 2040 485 2110 ucundior,
497 2059 583 2111 quam
594 2042 666 2097 lecta
678 2041 712 2096 de
723 2040 917 2112 pingrnssimis

357 2120 438 2177 Oliva
448 2122 534 2176 ramis
546 2121 677 2177 arborum

322 2203 382 2256 Aut
393 2201 480 2256 herba
490 2202 597 2272 lapathi
609 2205 689 2272 prata
700 2202 821 2256 amantis
833 2203 864 2256 et
874 2200 952 2271 gravi

356 2282 463 2337 Malvae
474 2282 599 2337 salubres
611 2282 728 2353 corpori,

321 2363 376 2417 Vel
386 2380 456 2433 agna
465 2364 547 2419 festis
559 2381 639 2419 caesa
651 2364 864 2433 Terminalibus,

357 2444 412 2499 Vel
423 2445 528 2499 haedus
540 2448 654 2516 ereptus
665 2445 739 2516 lupo.

322 2523 383 2579 Hae
395 2524 470 2579 inter
481 2526 578 2596 epulas
591 2529 625 2579 ut
632 2524 714 2596 juvat
725 2527 819 2595 pestes
832 2540 897 2578 oves

356 2606 459 2661 Videre
469 2609 651 2677 properantes
663 2606 787 2674 domum,

322 2687 426 2742 Videre
440 2689 529 2741 fessos
540 2704 682 2741 vomerem
694 2688 836 2741 inversum
847 2685 933 2745 boves

358 2768 436 2823 Oollo
446 2768 590 2822 trahentes
602 2768 740 2837 languido,

323 2849 486 2918 Positoeque
497 2865 606 2918 vernas,
618 2848 687 2903 ditis
699 2864 815 2903 examen
826 2846 935 2912 domus,

358 2927 471 2981 Circum
481 2928 641 2983 renidentes
654 2928 750 2983 lares!

322 3008 399 3063 Hace
410 3007 460 3062 ubi
470 3008 582 3064 locutus
594 3010 732 3065 fenerator
744 3007 877 3077 Alphius,

361 3089 379 3143 J
380 3106 427 3143 am
435 3088 495 3159 jam
506 3090 619 3145 futurus
631 3092 759 3157 rusticus,

323 3170 442 3225 Omnem
453 3170 560 3239 redegit
573 3170 671 3226 Idibus
683 3170 839 3241 pecuniam,

359 3252 476 3318 Quaerit
487 3250 622 3305 Kalendis
634 3269 744 3322 ponere.
