2342 3850
900 311 944 360 lae

468 664 520 720 XI.

106 831 201 898 Pam,
213 829 284 884 nihil
294 846 341 883 me
352 829 427 883 siout
438 832 522 884 antea
528 828 612 899 juvat

142 910 269 965 Scribere
280 910 433 964 versiculos
443 927 537 964 amore
547 925 712 982 permissum
723 909 807 980 gravi,

105 991 213 1045 Amore
224 991 273 1061 qui
284 1008 330 1045 me
341 994 453 1062 praeter
464 1007 562 1046 omnes
573 991 682 1062 expetit

139 1070 275 1125 Mollibus
286 1071 317 1124 in
327 1072 423 1141 pueris
434 1074 485 1126 aut
496 1072 527 1125 in
538 1071 641 1141 puellis
652 1087 741 1126 urere.

105 1151 164 1206 Hie
176 1151 279 1206 tertius
290 1150 454 1220 December,
466 1169 500 1206 ex
512 1168 569 1221 quo
581 1151 680 1206 destiti

140 1231 256 1285 Inachia
266 1232 367 1300 furere,
379 1232 459 1286 silvis
469 1233 605 1286 honorem
617 1231 732 1287 decutit.

104 1312 173 1366 Heu
183 1328 239 1380 me,
247 1329 298 1383 per
309 1311 519 1367 Urbem-nam
530 1313 620 1384 pudet
630 1312 704 1366 tanti
715 1311 818 1366 mali-

139 1391 247 1447 Fabula
258 1397 364 1462 quanta
374 1393 433 1447 fui!
469 1393 668 1448 Conviviorum
680 1396 710 1446 et
721 1392 848 1464 poenitet

105 1473 141 1528 In
152 1474 219 1543 quis
230 1477 372 1528 amantem
382 1474 498 1543 languor
508 1477 538 1528 et
549 1474 694 1528 silentium

139 1554 244 1622 Arguit
255 1556 285 1607 et
296 1554 382 1608 latere
394 1554 503 1624 petitus
514 1554 571 1610 imo
583 1555 709 1626 spiritua

105 1635 273 1689 “Contrane
284 1634 395 1690 luorum
405 1637 447 1690 nil
458 1636 549 1691 valere
561 1636 711 1692 eandidum

139 1718 275 1789 Pauperis
280 1712 428 1787 'ingenium
437 1718 466 1773 l”
484 1720 620 1790 querebar
632 1719 781 1791 applorans
792 1717 854 1786 tibi,

100 1798 195 1852 'Simul
206 1797 323 1852 ualentia
333 1799 537 1855 inverecundus
548 1801 618 1856 deus

138 1877 300 1934 Fervidiore
311 1896 390 1935 mero
401 1897 501 1938 aroana
511 1884 654 1953 promorat
665 1881 733 1937 looo.

103 1958 213 2027 Quodsi
223 1959 297 2013 meis
307 1960 448 2016 inaestuat
456 1962 624 2033 praeoordiis

138 2040 241 2094 Libera
252 2039 325 2109 bilis,
338 2044 371 2095 ut
382 2042 450 2097 haee
461 2044 570 2113 ingmta
581 2042 674 2097 ventis
686 2040 792 2097 dividat

101 2120 244 2175 Fomenta
254 2121 358 2176 vulnus
369 2122 410 2177 nil
421 2124 526 2179 malum
538 2123 668 2193 levantia,

138 2201 261 2255 Desinet
271 2202 428 2272 impetibus
439 2208 545 2259 oertare
556 2206 716 2259 summotus
726 2202 824 2275 pudor.

100 2281 163 2338 Ubi
175 2282 246 2336 haee
257 2299 372 2337 severus
384 2287 413 2339 te
424 2285 517 2355 palam
528 2283 712 2352 laudaveram,

135 2362 156 2418 J
156 2379 243 2417 ussus
255 2361 333 2418 abire
345 2362 460 2418 domum
471 2364 580 2421 ferebar
591 2366 698 2419 incerto
710 2362 780 2435 pede

100 2442 150 2497 Ad
161 2459 223 2497 non
235 2443 339 2497 amieos
351 2444 406 2499 heu
417 2446 488 2499 mihi
500 2449 596 2517 postes
608 2448 637 2501 et
648 2445 704 2499 heu

134 2524 252 2578 Limina
263 2523 342 2592 dura,
354 2525 457 2594 quibus
468 2525 580 2581 lumbos
592 2528 621 2580 et
632 2525 731 2597 infregi
742 2524 824 2579 latua

98 2604 192 2659 Nune
203 2604 349 2674 gloriantis
361 2606 516 2675 quamlibet
526 2606 717 2661 mulierculam

134 2685 263 2740 Vinoere
274 2684 392 2739 mollitie
403 2703 481 2741 amor
493 2685 602 2758 Lycisci
613 2704 658 2741 me
669 2688 756 2753 tenet,

97 2765 191 2821 Unde
204 2765 335 2835 expedire
346 2783 403 2820 non
414 2768 567 2821 amioorum
578 2770 683 2837 queant

133 2845 243 2900 Libera
255 2846 370 2900 oonsilio
380 2863 432 2901 nee
444 2847 627 2902 oontumeliae
638 2864 743 2917 graves,

97 2926 157 2982 Sed
169 2924 247 2980 alius
259 2925 341 2981 ardor
351 2930 401 2982 aut
412 2928 519 2999 puellae
530 2927 663 2983 candidae

131 3008 204 3062 Aut
214 3007 314 3061 teretis
325 3008 405 3079 pueri
416 3009 526 3080 longam
536 3008 697 3065 renodantis
709 3024 823 3063 comam.
