2342 3850
555 285 693 334 nonam
707 285 821 334 mcci

377 418 483 486 Olavos,
495 434 552 471 non
563 417 689 471 animum
702 420 790 485 metu,

410 499 476 554 Non
488 499 590 554 mortis
601 498 708 568 laqueis
720 496 852 568 expedies
864 499 956 568 caput.

375 581 556 651 Campestres
566 579 670 634 melius
682 579 802 650 Scythae

411 662 538 728 Quorum
550 661 677 731 plaustra
689 677 771 730 vagas
783 659 838 714 rite
849 657 969 713 trahunt
982 657 1080 712 domos

375 742 494 810 Vivrmt,
507 745 537 796 et
549 741 633 810 rigidi
646 740 734 794 Getae

413 821 566 876 Immetata
577 819 683 891 quibus
691 819 789 890 jugera
800 819 901 874 liberes

375 902 481 973 Fruges
493 906 523 958 et
535 902 665 957 Cererem
679 902 783 969 ferunt,

413 984 473 1039 Nec
484 984 595 1038 cultura
606 983 699 1054 placet
710 982 819 1052 longior
830 997 928 1048 annua,

375 1066 602 1134 Defunctumque
614 1063 757 1118 laboribus

410 1146 530 1216 Aequali
541 1147 649 1200 recreat
661 1147 737 1198 sorte
749 1143 878 1199 vicarius.

376 1229 437 1283 Illic
448 1230 538 1281 matre
550 1226 711 1280 carentibus

412 1306 553 1377 Privignis
563 1305 667 1360 mulier
677 1306 818 1375 temperat
830 1305 971 1371 innocens,

375 1388 436 1442 Nec
447 1388 545 1442 dotata
556 1385 629 1456 regit
640 1385 732 1440 virum

411 1468 521 1539 Oonjux
533 1485 585 1522 nec
597 1466 688 1520 nitido
701 1467 764 1520 fidit
776 1464 911 1520 adultero.

375 1548 434 1603 Dos
446 1552 490 1604 est
502 1565 603 1617 magna
614 1547 775 1618 parentium

412 1629 555 1701 Virtirset
567 1632 698 1682 metuens
710 1627 826 1682 alterius
837 1627 891 1682 viri

376 1710 461 1766 Certo
473 1708 583 1763 foedere
596 1709 725 1774 castitas3

411 1790 449 1844 Et
460 1807 574 1861 peccare
585 1789 663 1844 nefas
675 1792 724 1843 aut
736 1789 860 1860 pretinm
872 1791 915 1843 est
927 1788 1007 1842 mori.

377 1871 401 1926 0
413 1870 541 1941 quisquis
553 1870 631 1925 volet
642 1869 744 1942 impias

412 1951 516 2007 Caedes
528 1954 558 2005 et
569 1952 676 2006 rabiem
688 1951 784 2005 tollere
797 1950 922 2018 civicam,

376 2033 406 2087 Si
419 2036 533 2103 quaeret
544 2032 642 2085 Panna
654 2046 769 2085 unsrun

410 2113 554 2167 Subscribi
565 2113 676 2179 statuis,
688 2112 855 2166 indomitam
867 2111 968 2166 audeat

376 2192 525 2248 Refrenare
536 2194 687 2260 licentiam,

412 2273 511 2327 Clarus
523 2272 705 2344 postgenitis;
724 2274 870 2341 quotenne,
882 2271 939 2325 heu
951 2270 1042 2325 nefas!

376 2353 522 2409 Virtutem
534 2355 704 2409 incolumem
717 2353 835 2422 odimus,

411 2435 557 2490 Sublatam
569 2454 604 2489 ex
616 2435 703 2489 oculis
715 2434 873 2504 quaerimus
885 2432 982 2487 invidi.

377 2515 452 2583 Quid
463 2517 561 2570 tristes
573 2515 763 2585 querimoniae

410 2597 439 2650 Si
453 2614 511 2651 non
523 2597 660 2668 supplicio
673 2597 754 2667 culpa
765 2594 916 2651 reciditur?

374 2678 449 2744 Quid
461 2678 570 2752 leges'
548 2695 609 2732 sme
621 2678 747 2732 moribus

410 2759 505 2813 Vanae
517 2760 675 2830 proficiunt,
689 2760 713 2814 si
725 2776 816 2829 neque
827 2757 942 2814 fervidis

376 2837 443 2892 Pars
455 2839 562 2893 inclusa
574 2839 710 2893 caloribus

411 2919 511 2973 Mundi
523 2937 574 2974 nec
585 2920 689 2975 Boreae
701 2920 855 2975 finitimum
865 2919 940 2974 latus

375 2997 552 3069 Durataeque
564 3001 663 3055 solo
636 3019 716 3055 mres

409 3079 592 3133 Mercatorem
605 3081 729 3151 abigunt,
742 3081 855 3137 horrida
867 3080 958 3137 callidi

374 3158 501 3214 Vincunt
512 3178 633 3231 aequora
644 3164 763 3231 navitae,

410 3240 544 3311 Magnum
555 3242 703 3312 pauperies
716 3243 898 3315 opprobrium
907 3242 990 3315 jubet
