2342 3850
547 339 693 388 nouam
707 339 820 390 mem

660 590 729 647 XII.

309 730 387 798 Qun>
397 728 452 784 tibi
464 728 515 796 vie,
526 729 629 784 mulier
639 728 727 799 nigris
739 729 903 800 dignissima
914 729 1023 785 banisi

343 810 460 864 Munera
471 809 539 880 quid
550 809 621 864 mihi
633 810 735 881 quidve
743 811 861 864 tabellae

308 891 401 946 Mittis
412 907 464 945 neo
474 892 556 945 firmo
564 890 663 960 juveni
674 909 765 962 neque
777 891 852 945 naris
864 889 983 945 obeaaeI

343 971 372 1026 N
372 987 472 1041 amque
484 971 609 1041 sagacius
620 989 694 1026 unua
707 971 813 1040 odoror,

309 1055 431 1126 Polypus
443 1072 480 1108 an
490 1054 581 1125 gravis
593 1055 712 1109 hirsutis
724 1055 807 1109 cubet
819 1054 912 1109 hircus
921 1053 952 1108 in
963 1053 1023 1123 alis,

344 1135 435 1202 Quam
447 1136 524 1190 oanis
535 1153 599 1190 acer
610 1135 660 1189 ubi
671 1136 757 1190 lateat
769 1153 824 1190 sus.

309 1214 364 1283 Qui
375 1215 459 1270 sudor
471 1215 555 1270 vietis
566 1219 597 1271 et
608 1233 690 1286 quam
704 1216 796 1270 malua
807 1215 930 1285 undique
942 1213 1081 1269 membris

345 1295 451 1351 crescit
463 1295 537 1365 odor,
550 1314 615 1351 oum
626 1314 696 1367 pene
708 1297 799 1351 soluto

308 1375 481 1431 Indomstam
492 1380 623 1448 properat
634 1376 740 1430 rabiem
752 1376 847 1432 sedare
858 1397 866 1444 ;
883 1393 974 1447 neque
985 1376 1027 1430 illi

341 1456 406 1511 Iam
417 1460 514 1512 manet
521 1457 637 1512 humida
649 1460 725 1512 oreta
736 1457 864 1528 colorque

308 1537 434 1592 Stercore
444 1538 555 1592 fuoaiua
567 1537 705 1606 crocodili,
714 1537 828 1608 jamque
839 1536 964 1592 subando

342 1617 432 1672 Tanta
443 1618 546 1673 cubilia
556 1621 687 1689 tectaque
699 1619 806 1688 rumpit
815 1620 822 1673 1

309 1697 363 1752 Vel
374 1714 437 1752 maa
448 1713 514 1752 oum
525 1698 615 1752 naevia
627 1699 715 1768 agItaI
726 1697 838 1752 fastIdIa
849 1697 955 1753 verbis:

344 1777 459 1833 Inaohia
469 1778 584 1848 languea
596 1778 691 1833 minus
702 1795 734 1832 ao
745 1795 791 1832 me
798 1798 806 1843 3

309 1857 452 1913 Inachiam
462 1861 508 1913 tor
518 1861 602 1913 nocie
613 1862 702 1930 potes,
715 1858 785 1913 mihi
796 1875 906 1930 semper
916 1857 952 1913 ed
963 1877 1054 1914 unum
1150 1873 1151 1905 I

344 1940 438 1995 Mollia
449 1957 527 2011 opua.
561 1940 662 1997 Pereat
673 1940 744 1994 male
757 1957 827 2010 quae
839 1944 868 1994 to

308 2020 408 2075 Lesbia
419 2022 565 2092 quaerenti
576 2022 689 2077 taurum
700 2021 867 2076 monstravit
878 2021 1008 2090 inertem,

344 2100 417 2156 Cum
427 2102 499 2157 mihi
510 2102 584 2157 Ooua
596 2102 705 2156 adesset
716 2101 864 2172 Amyntas,

307 2179 394 2250 cnjus
405 2180 436 2235 in
447 2181 585 2236 indomito
597 2183 768 2236 constantior
779 2182 893 2252 inguine
904 2200 1008 2237 nervus

342 2260 433 2326 Quam
445 2279 516 2316 nova
528 2263 644 2317 oollibua
656 2262 736 2317 arbor
746 2262 881 2317 inhaeret.

307 2340 461 2396 Murioibua
472 2342 564 2413 Tyriis
575 2344 691 2398 iteratae
703 2344 804 2398 vellera
815 2344 892 2399 lanae

343 2419 395 2475 Oui
405 2422 647 2492 properabanturi
682 2424 746 2479 Tibi
758 2442 866 2496 nempe,
1146 2376 1147 2460 1

306 2500 351 2554 Ne
360 2500 434 2592 forat
445 2504 573 2575 aequales
584 2504 659 2560 inter
671 2505 793 2574 conviva,
805 2505 893 2575 magis
905 2521 988 2574 quem

340 2579 475 2651 Diligerei
485 2584 587 2638 mulier
598 2601 648 2639 aua
660 2603 743 2655 quam
755 2586 791 2639 ta.

305 2660 331 2716 Ο
342 2677 391 2731 ogo
403 2680 460 2716 non
470 2662 546 2733 felix,
556 2682 640 2735 quam
651 2667 685 2719 tu
695 2665 768 2735 fugis
780 2668 813 2718 ui
824 2666 909 2737 pavoi
920 2682 997 2719 aoros

339 2742 421 2813 Agna
432 2744 512 2815 lupos
524 2762 692 2816 capreaeque
702 2746 796 2800 leones
806 2748 813 2801 i

644 2994 727 3053 XIII.

266 3128 409 3185 Honamn
419 3134 575 3204 tempesias
588 3136 695 3190 caelum
707 3137 849 3191 contraxii
860 3141 890 3191 e'o
901 3136 1007 3193 Imbres

301 3209 445 3282 Nivesque
457 3212 600 3268 deducunt
611 3215 630 3269 J
631 3234 727 3283 ovem;
745 3234 820 3272 nuno
832 3235 918 3287 mare,
929 3237 1004 3273 nuno
1016 3220 1105 3277 siluae

267 3286 394 3343 ThreIoio
406 3293 545 3362 Aquilone
557 3299 672 3349 nonani:
689 3296 839 3366 rapiamus,
852 3298 943 3369 amici,

306 3366 484 3424 Occasionem
496 3371 530 3426 de
541 3372 596 3443 die,
609 3373 732 3445 dumque
743 3378 836 3431 virent
847 3395 937 3449 genua
