2342 3850
330 305 508 356 caurum
522 305 569 355 111.
578 309 602 356 4.

172 436 258 492 Hune
268 439 367 506 tangat
377 436 472 504 armis,
483 436 573 491 virere
583 436 708 507 gestiens

208 517 272 584 Qua
283 520 364 586 parte
375 515 582 572 debaechentur
592 517 680 588 ignes,

245 597 308 664 Qua
315 597 433 652 nebulae
445 597 590 668 pluviique
603 615 687 656 rores.

174 678 230 734 Sed
239 677 381 732 belliooaia
392 677 451 734 fata
462 678 623 746 Quiritibus

175 758 237 813 Hae
247 759 307 829 lege
319 759 390 826 dieo,
402 775 438 813 ne
448 759 570 814 nimium
581 760 623 831 pii

211 839 362 909 Rebusque
373 838 493 894 fidenter
503 840 595 894 avitae

246 919 333 974 'l'eota
342 919 434 974 velint
445 936 572 990 reparare
583 917 689 976 'll-olea.

177 996 275 1055 Troiae
287 1017 434 1055 renaaoena
444 1000 513 1055 alite
522 999 635 1071 lugubri

178 1081 304 1136 Fortuna
314 1081 393 1135 tristi
404 1081 483 1136 clade
493 1081 651 1148 iterabitur,

211 1164 341 1218 Duoente
351 1163 483 1218 viotrioea
490 1168 614 1220 catervae

248 1244 372 1315 Oonjuge
382 1260 429 1299 me
439 1244 521 1300 lovis
533 1249 563 1300 et
574 1261 675 1300 sorore.

177 1325 232 1380 Ter
243 1324 270 1379 ai
280 1328 409 1396 resurgat
420 1342 520 1380 murus
532 1331 634 1381 atreus

180 1409 303 1460 Auctore
315 1404 427 1460 Phoebo
438 1410 483 1461 ter
494 1410 591 1477 pereat
602 1407 673 1461 mele

213 1487 333 1541 Exoiaua
343 1487 463 1558 Argivis,
475 1491 520 1542 ter
530 1504 602 1541 uxor

250 1567 340 1639 Capta
350 1569 443 1624 virum
453 1586 611 1640 puerosque
622 1568 722 1640 ploret.

181 1647 247 1702 Non
257 1648 313 1703 hoo
320 1649 432 1720 joooaae
443 1650 590 1704 eonveniet
602 1649 691 1720 lyrae:

181 1728 251 1797 Quo,
262 1729 351 1797 Musa,
361 1729 476 1784 tendiel
511 1730 615 1785 Desine
627 1731 756 1801 pervicax

217 1810 331 1865 Referre
344 1827 486 1865 sermones
497 1811 615 1865 deorum
627 1816 658 1866 et

252 1891 455 1965 Magnamodie
466 1895 582 1949 tenuare
594 1893 695 1965 pervia

466 2224 516 2281 IV.

183 2387 337 2442 Dmomton
347 2387 423 2441 eaelo
434 2390 464 2441 et
476 2386 522 2441 dio
533 2404 583 2458 age
595 2386 667 2442 tibia

183 2468 290 2539 Regina
300 2468 415 2538 longum
428 2467 551 2538 Calliope
563 2468 658 2536 melos,

219 2550 275 2604 Seu
285 2566 353 2605 vooe
364 2567 440 2604 nuno
451 2549 541 2604 mavia
553 2554 642 2616 acuta,

255 2630 311 2685 Seu
321 2630 427 2686 fidibus
438 2630 599 2701 citharaque
612 2631 726 2687 Phoebi.

185 2710 308 2779 Auditis,
320 2730 356 2766 an
367 2711 498 2766 meludit
509 2708 637 2766 amabilis

186 2793 318 2848 haauial
353 2792 459 2847 Audire
470 2796 501 2847 et
511 2791 609 2846 videor
620 2792 682 2863 pios

220 2872 320 2929 Errare
332 2890 382 2944 per
392 2872 472 2927 luooe
483 2888 615 2927 amoenae
727 2942 729 2947 Ι

257 2954 334 3022 Quos
346 2958 376 3009 et
386 2970 475 3024 aquae
486 2954 610 3008 subeunt
622 2957 652 3009 et
664 2948 754 3009 aurae,

186 3037 232 3091 Me
243 3036 384 3091 fabulosae
396 3036 517 3091 Vulture
528 3036 559 3089 in
570 3035 683 3111 Apulo

186 3120 303 3174 Altrioia
314 3122 395 3174 extra
404 3118 492 3171 limen
503 3117 621 3189 Apuliae

221 3201 300 3257 Ludo
310 3201 517 3271 fatigatumque
534 3216 632 3254 somno

258 3282 369 3337 Fronde
380 3298 453 3337 nova
463 3297 584 3351 puerum
596 3278 742 3351 palumbes

187 3365 302 3432 Teroua,
313 3364 421 3419 mirum
431 3360 510 3433 quod
520 3361 593 3415 foret
606 3357 742 3422 omnibus,
