2342 3850
341 324 517 372 clurinum
526 323 571 372 111.
589 327 626 383 15,
636 325 672 374 1⁶.

209 454 293 508 Ienit
305 453 447 508 albescens
459 453 567 508 animos
579 453 695 524 capillus

209 537 317 591 Litium
329 540 359 591 et
370 538 446 590 rixae
458 537 575 607 cupidos
587 540 746 607 protervum

209 618 276 673 Non
287 635 338 688 ego
349 618 403 672 hoc
414 618 517 672 ferrem
528 618 634 672 calidus
643 617 759 688 juventa

244 698 366 754 Consule
378 698 487 753 Plnnco.

489 974 552 1030 XV.

213 1141 300 1196 Uxos
312 1141 444 1212 pauperis
457 1139 543 1212 Ibyci,

248 1222 375 1276 Tandem
386 1222 528 1291 nequitiae
540 1221 593 1292 figo
605 1220 722 1275 modum
732 1224 798 1276 tuse

214 1303 395 1374 Famosisqus
407 1303 564 1357 laboribus:

251 1386 365 1440 Maturo
376 1385 491 1456 propior
502 1385 598 1439 desine
610 1383 702 1440 funeri

216 1465 296 1520 Inter
306 1465 402 1520 ludere
414 1466 535 1535 virgines

250 1547 289 1600 Et
300 1547 391 1601 stellis
402 1547 532 1600 nebulum
544 1562 673 1617 spargere
686 1545 817 1600 candidis.

216 1627 282 1681 Non
293 1627 318 1681 si
331 1626 400 1697 quid
412 1626 534 1681 Pholoen
547 1627 617 1680 setis

251 1708 289 1762 Et
300 1712 338 1775 te,
350 1708 455 1775 Chlori,
468 1707 565 1762 decet:
582 1707 642 1760 filiu
653 1706 759 1761 rectius

217 1788 367 1860 Expugnat
376 1787 512 1858 juvenum
524 1789 631 1855 domos,

253 1870 337 1925 Pulso
349 1869 452 1941 Thyias
464 1869 507 1922 uti
520 1869 629 1922 concite
639 1871 782 1940 tympano.

220 1951 301 2006 Illum
313 1952 387 2021 cogit
399 1969 478 2006 amor
490 1951 580 2004 Nothi

255 2034 385 2088 lascivae
397 2033 519 2086 similem
530 2030 627 2085 ludere
639 2046 752 2102 cupreus
764 2048 770 2083 z

220 2116 259 2171 Te
270 2115 349 2170 lsnse
361 2133 448 2186 prope
460 2114 582 2168 nobilem

255 2197 363 2250 Tonssc
376 2196 530 2263 Lucetium,
542 2211 599 2248 non
612 2193 734 2247 citharae
747 2191 853 2259 docent,

220 2278 280 2332 Nec
291 2277 344 2331 flos
356 2294 514 2347 purpureus
527 2292 605 2329 rosso

256 2358 316 2413 Nec
327 2359 389 2429 poti
401 2357 525 2412 vetulam
537 2356 611 2411 fseoo
623 2358 706 2409 tonus
719 2353 788 2409 cedi.

493 2604 572 2659 XVI.

225 2763 372 2818 Inouusnu
384 2762 498 2817 Danaen
510 2760 597 2814 turris
610 2763 693 2814 aenos

176 2847 185 2866 ⁹
226 2843 423 2912 Robustaeque
436 2843 509 2896 fores
522 2846 551 2895 et
563 2840 681 2910 vigilum
694 2854 794 2893 oenum

227 2923 334 2979 Tristes
346 2923 479 2977 excubiae
490 2922 649 2976 munierant
661 2920 731 2975 setis

261 3004 417 3059 Nocturnis
429 3003 465 3057 eb
477 3003 619 3070 adulteris,

229 3084 259 3138 Si
270 3103 329 3140 non
340 3084 482 3138 Acrisium
493 3083 610 3153 virginis
623 3082 734 3137 abditae

230 3164 383 3220 Custodem
395 3164 529 3235 pavidum
540 3164 559 3217 J
560 3163 675 3233 uppiter
687 3165 717 3215 et
729 3160 826 3214 Venus

230 3246 378 3313 Risissent‚
390 3246 449 3299 fore
462 3245 538 3298 enim
549 3247 647 3297 tutum
660 3242 756 3295 iteret
769 3242 870 3311 potone

266 3326 408 3381 Converso
420 3326 451 3379 in
463 3324 588 3396 pretium
600 3322 663 3376 deo.
