2342 3850
213 279 257 326 21⁶
530 273 666 323 nouum
679 272 793 322 mom

212 406 328 459 Munere
340 420 405 458 cum
413 402 492 473 iungi
503 401 644 473 propioris
656 403 751 455 censet
763 399 855 468 amici,

214 484 288 552 Quid
299 484 405 555 possim
416 484 496 538 videt
507 501 540 538 sc
551 482 632 537 novit
644 499 689 536 me
701 481 809 536 valdius
821 481 891 552 ipso.

212 566 304 620 Multo
315 565 429 636 quidem
440 564 500 618 dixi
511 581 562 618 cur
572 566 722 618 excusatus
731 563 839 618 abirem
849 581 857 628 ;

213 646 268 700 Sed
279 645 364 700 timui
375 662 438 700 mee
448 662 485 699 ne
496 645 610 706 finmsse
623 643 732 698 minora
742 645 865 714 putarer,

211 727 413 782 Dissimulator
423 726 486 797 opis
496 725 633 797 propriae,
646 723 717 778 mihi
729 723 892 778 commodus
903 723 960 780 uni

211 809 257 861 Sic
270 825 320 877 ego
331 806 446 877 majoris
458 807 567 877 fligiens
579 806 729 877 opprobrie
741 805 838 876 culpes
1084 809 1115 858 10

213 888 328 942 Frontis
339 887 376 942 ed
386 887 508 942 urbanae
519 886 649 942 descendi
660 887 789 957 praemia.
826 885 933 953 Quodsi

213 969 383 1039 Depositum
394 969 492 1023 leudes
504 968 540 1022 ob
551 966 636 1022 amici
645 967 724 1038 jussa
734 966 878 1037 pudorem,

213 1049 308 1104 Scribe
319 1039 365 1104 tui
375 1050 466 1120 gregis
477 1049 554 1103 hunc
565 1052 597 1103 et
606 1047 710 1103 fortem
722 1047 803 1102 crede
815 1047 985 1118 bonumque.

644 1373 680 1428 X.

213 1531 306 1584 Unius
317 1533 471 1584 amatorem
482 1528 605 1584 Fuscum
617 1528 723 1583 salvere
732 1527 866 1598 jubemus

212 1611 297 1666 Ruris
308 1614 455 1679 amatores,
466 1611 518 1664 hec
530 1610 561 1665 in
572 1627 602 1664 re
614 1609 722 1664 scilicet
733 1626 789 1664 unc

211 1693 336 1746 Multum
347 1691 506 1759 dissimiles,
517 1691 553 1745 ed
565 1694 673 1746 caetera
684 1707 772 1762 poene
784 1689 892 1760 gemelli
902 1707 910 1754 ;

212 1773 355 1827 Frctemis
366 1771 467 1827 animis
479 1770 617 1841 quidquid
628 1771 712 1842 negat
722 1771 793 1826 alter
806 1774 835 1824 ct
848 1771 935 1836 alten

211 1854 373 1908 Annuimus
384 1852 491 1925 puriter
502 1852 591 1906 vetuli
603 1852 720 1921 notique
733 1851 865 1906 columbi.

213 1936 256 1990 Tu
268 1936 369 1989 nidum
380 1951 492 2001 serves;
504 1951 554 2004 ego
565 1933 657 1995 liudo,
662 1933 737 1989 ruris
749 1932 859 1987 amoeni

210 2015 297 2070 Rivos
309 2019 339 2070 et
351 2032 449 2070 musco
461 2013 620 2069 circumlito
631 2031 697 2069 sanc
708 2029 870 2091 nemusque.

210 2096 286 2161 Quid
298 2096 409 2166 quoeris
419 2096 430 2149 l
466 2095 539 2151 Vivo
551 2098 581 2149 et
593 2112 677 2165 regno
689 2094 774 2149 simul
785 2094 840 2148 ista
851 2092 953 2163 reliqui

211 2177 288 2241 Quae
301 2193 351 2230 vos
362 2176 398 2230 nd
410 2176 517 2231 caelum
529 2176 611 2230 fertis
622 2192 733 2230 rumore
745 2174 881 2230 secundo:

211 2257 308 2327 thue
320 2256 472 2312 sucerdotis
484 2256 623 2327 fiigitivus
634 2256 691 2311 libe
702 2273 816 2321 recuso;

210 2338 282 2391 Pane
294 2355 360 2408 egeo
369 2336 429 2407 jem
440 2338 557 2392 mellitis
569 2336 679 2408 potiore
691 2336 835 2409 placentis.

209 2417 311 2472 Vivere
323 2421 439 2473 neturus
449 2418 475 2473 si
486 2418 685 2473 convenienter
696 2420 809 2490 oportet

209 2498 407 2568 Ponendeeque
420 2498 503 2554 domo
515 2498 671 2569 quaerendo
683 2502 727 2553 est
738 2516 801 2555 erec
813 2497 944 2571 primum,

209 2579 358 2633 Novistine
369 2578 462 2634 locum
472 2580 613 2649 potiorem
624 2597 689 2634 rure
700 2578 783 2635 beato
794 2579 804 2634 l

208 2660 261 2714 Fst
271 2658 321 2715 ubi
332 2659 397 2730 plus
408 2663 524 2731 tepeant
536 2660 650 2730 hiemes,
661 2661 713 2715 ubi
724 2660 829 2731 gratior
840 2678 907 2715 cure

209 2741 307 2795 Lenict
319 2745 349 2795 et
359 2739 466 2795 rabiem
478 2740 562 2796 Oanis
574 2745 604 2795 ct
616 2745 758 2796 momentu
769 2741 877 2810 Leonis,

209 2822 282 2876 Cum
294 2822 381 2876 semel
391 2822 500 2893 accepit
511 2821 604 2877 Solem
617 2821 786 2876 furibundus
798 2820 932 2876 acutuml

207 2904 260 2958 mc
270 2904 320 2959 ubi
332 2902 449 2958 divellat
460 2920 572 2957 somnos
584 2903 679 2957 minus
691 2902 785 2956 invida
797 2901 885 2956 cural

207 2985 339 3039 Deterius
351 2983 464 3055 Libycis
475 2983 533 3038 olet
544 2986 595 3037 cut
606 2983 681 3037 nitet
692 2981 778 3036 herbe
789 2982 891 3053 lapillis
902 2981 913 3035 l

207 3065 306 3119 Purior
317 3064 348 3118 in
359 3064 430 3119 vicis
442 3081 514 3134 equs
524 3063 619 3117 tendit
631 3080 760 3134 rumpere
773 3063 921 3134 plumbum

98 3210 105 3223 ο
204 3145 294 3207 Quum
306 3161 377 3214 quae
389 3162 440 3214 per
451 3160 572 3214 pronum
583 3144 709 3215 trepidat
722 3162 786 3199 cum
799 3161 943 3199 murmure
955 3144 1053 3209 rivum
1062 3147 1076 3202 l

204 3223 313 3291 Nempe
325 3224 400 3277 inter
411 3224 501 3279 varius
511 3224 639 3278 nutritur
649 3225 720 3279 silva
731 3225 882 3291 columnus,

206 3300 402 3371 Laudaturque
414 3304 514 3359 domus
525 3302 623 3373 longos
635 3321 706 3411 qipcc
718 3305 856 3376 prospicit
866 3322 954 3376 egros.
