2342 3850
201 307 245 353 ibib
521 301 658 351 HOBMH
669 301 783 350 amour

202 434 353 490 limitibus
364 432 456 488 risina
467 431 570 502 refugit
578 431 686 504 jurgia;
702 433 848 501 tamquam

202 515 247 570 Sit
258 514 402 586 proprium
414 512 576 584 quidquam,
588 516 695 583 puneto
706 512 782 582 quod
793 509 905 566 mobilis
916 509 1004 564 horae

202 595 285 651 Nune
297 613 383 667 praee,
395 612 471 650 nune
481 595 581 665 pretio,
593 610 669 647 nune
680 593 717 662 vi,
730 609 806 647 nune
817 594 907 646 morte
920 608 1061 661 suprema

202 677 347 732 Permutat
358 676 487 733 dominos
500 678 530 730 et
542 675 624 729 cedet
635 676 667 729 in
677 676 766 730 altera
774 674 846 745 jura

202 759 248 812 Sie
259 757 325 828 quia
336 760 489 828 perpetuus
501 755 572 811 nulli
584 755 669 810 datin
679 773 756 822 usus,
769 758 798 809 et
809 753 891 808 heres

202 839 341 894 Heredem
352 837 469 892 alterius
480 837 559 891 velut
570 836 647 890 unda
658 836 821 907 supervenit
833 834 946 904 undam,

203 920 277 987 Quid
289 918 344 973 rioi
356 920 476 988 prosunt
488 920 537 972 aut
549 916 649 971 horrea
659 917 670 972 i
688 916 791 986 quidve
803 914 928 972 Calabris

202 1000 327 1054 Saltibus
339 998 443 1070 adjecti
455 997 565 1066 Luoani,
577 998 603 1052 si
615 999 698 1052 metit
710 997 799 1052 Orous
821 1007 824 1012 ·

202 1077 324 1134 Grandis
336 1096 400 1134 oum
413 1079 515 1150 pervis,
528 1095 586 1132 non
598 1078 745 1133 exorabilis
757 1076 845 1132 euroi

202 1159 341 1227 Gemmas,
353 1176 483 1230 marmor,
496 1159 573 1227 ebur,
586 1158 730 1228 i'yrrhana
741 1157 839 1227 sigilla,
850 1155 981 1224 tabellas,
1057 1160 1119 1214 180

202 1239 367 1309 Argentum,
379 1242 471 1294 vestes
484 1238 603 1292 Gaetulo
615 1239 720 1294 muriae
731 1238 844 1305 tinetas,

203 1320 276 1374 Sunt
288 1321 337 1391 qui
348 1337 405 1376 non
416 1320 545 1387 habeant,
558 1322 602 1374 est
613 1319 663 1388 qui
675 1336 732 1373 non
743 1321 823 1372 eurat
834 1317 944 1372 habere.

203 1399 260 1452 Gur
271 1398 341 1454 alter
352 1399 470 1454 fratrum
482 1416 590 1453 cessare
602 1402 631 1452 et
641 1399 737 1453 ludere
749 1402 779 1454 et
790 1399 858 1468 ungi

202 1480 340 1534 Presserat
351 1479 471 1535 Herodis
483 1479 614 1550 pulmetis
625 1480 782 1550 pinguibus,
794 1480 865 1534 alter

202 1560 289 1616 Dives
301 1563 330 1617 et
341 1560 522 1632 importunus
534 1559 570 1614 ad
582 1559 713 1614 umbram
723 1560 794 1614 lueis
805 1560 841 1614 sb
853 1561 919 1614 ortu

203 1639 365 1696 Silvestrem
377 1641 498 1695 flammis
511 1643 540 1696 et
552 1638 626 1694 ferro
638 1641 751 1710 mitiget
763 1657 869 1710 agrum,

203 1721 262 1774 Scit
274 1722 388 1789 Genius,
401 1721 492 1776 natale
506 1738 599 1775 eomes
610 1721 660 1791 qui
671 1723 812 1791 temperat
823 1723 943 1788 astrum,

120 1853 124 1862 ,
203 1801 327 1858 Naturae
339 1803 409 1857 deus
420 1802 565 1869 humanae,
578 1802 706 1856 mortalis
717 1802 748 1855 in
759 1819 848 1855 unum

204 1882 340 1954 Quodque
352 1884 445 1954 eaput,
458 1882 542 1937 vultu
554 1882 708 1951 mutabilis,
720 1881 801 1937 albus
812 1885 842 1937 et
853 1884 922 1937 ater.

204 1963 278 2018 Utar
289 1968 318 2019 et
330 1981 365 2020 ex
376 1963 484 2018 modieo
497 1966 635 2033 quantum
647 1980 692 2018 res
703 1966 801 2034 poseat
812 1980 910 2018 aoervo
1056 1966 1117 2019 190

204 2046 319 2116 Tolinm,
330 2063 382 2101 nee
394 2049 519 2100 metuam
530 2045 599 2115 quid
610 2044 645 2099 de
657 2062 702 2099 me
711 2044 821 2115 judicet
831 2044 922 2111 heres,

205 2126 286 2193 Quod
297 2145 353 2182 non
365 2128 447 2198 plura
458 2126 532 2181 detis
543 2126 684 2180 invenerit
693 2144 700 2191 ;
715 2128 745 2180 et
756 2128 852 2179 tamen
864 2124 940 2179 idem

204 2208 280 2262 Scire
292 2208 384 2263 volam
396 2210 533 2278 quantum
545 2206 664 2276 simplex
675 2206 826 2276 hilarisque
837 2205 935 2277 nepoti

204 2286 350 2359 Diserepet
362 2291 391 2341 et
403 2290 540 2357 quantum
552 2285 691 2339 disperdet
702 2302 803 2357 pareus
814 2302 903 2339 avaro.

204 2366 299 2421 Distat
311 2370 386 2422 enim
398 2384 510 2438 spargas
522 2369 572 2421 tus
583 2366 716 2436 prodigus
726 2382 763 2419 an
774 2382 866 2435 neque
878 2366 1028 2435 sumptum

206 2449 316 2503 Invitus
327 2448 412 2503 boias
423 2466 515 2519 neque
526 2447 608 2518 plura
619 2464 714 2517 parare
725 2446 841 2514 labores,

204 2531 247 2585 Ao
258 2530 362 2600 potius,
374 2547 443 2600 puer
454 2532 489 2583 ut
500 2528 580 2582 festis
593 2527 815 2597 Quinquatribus
827 2527 903 2595 olim,

204 2612 311 2682 Exiguo
323 2614 457 2681 gratoque
468 2609 571 2663 fruaris
582 2612 711 2680 tempore
722 2609 834 2678 raptim.

207 2691 356 2763 Pauperies
368 2689 513 2745 immunda
526 2691 610 2745 domae
622 2688 720 2759 procul
730 2688 806 2743 absit
818 2707 824 2743 :
842 2704 901 2757 ego,
912 2690 1011 2741 utrum

204 2774 232 2826 N
232 2790 282 2827 ave
293 2773 365 2827 ferar
376 2788 476 2841 magna
488 2788 524 2824 an
535 2786 627 2840 parva,
638 2769 712 2823 ferar
722 2785 797 2823 unus
809 2771 839 2821 et
850 2767 934 2821 idem.
1052 2769 1113 2822 200
1128 2794 1133 2803 ·

204 2854 232 2908 N
233 2873 269 2910 on
280 2854 388 2924 agImur
399 2850 516 2906 tumidis
528 2851 599 2904 velis
610 2849 739 2920 aquilone
749 2848 886 2913 secundm

204 2935 269 2989 Non
280 2939 375 2989 tamen
387 2932 510 2987 adversis
522 2934 645 2986 aetatem
657 2929 787 2984 ducimus
799 2928 912 2997 austris,

205 3014 329 3083 Viribus,
341 3012 459 3083 ingenio,
471 3012 570 3082 speeie,
583 3012 698 3077 virtute,
709 3010 779 3078 loco,
790 3026 830 3077 re,

204 3095 331 3149 Extremi
343 3094 507 3165 primorum,
520 3091 653 3145 extremis
665 3107 753 3160 usque
765 3090 879 3160 priores.

205 3174 269 3227 Non
281 3192 311 3227 es
323 3191 422 3229 arsrus
435 3192 442 3228 ε
460 3172 521 3246 abi;
539 3171 615 3242 quid,
627 3174 736 3226 caetera
743 3170 803 3240 jam
814 3168 899 3223 simul
910 3168 967 3223 isto

205 3253 276 3307 Cum
287 3253 358 3307 vitio
369 3252 484 3323 fugeret
520 3252 603 3306 Ceret
614 3252 669 3305 tibi
680 3255 779 3321 peetus
791 3249 869 3303 inani

205 3331 388 3388 Ambitione?
425 3332 509 3387 Caret
521 3331 622 3387 mortis
632 3331 782 3387 formidine
795 3333 825 3385 et
836 3329 896 3385 irai
