2342 3850
345 351 567 398 urlsiunnnuu
581 351 602 398 1.
619 352 656 400 18.

45 480 119 546 Quid
130 480 166 534 de
179 496 290 550 quoque
301 479 362 533 viro
373 482 403 533 et
415 479 461 533 cui
472 479 548 533 dicus
559 495 643 550 eeepe
655 477 757 532 videto.

44 564 271 617 Percoutetorem
283 563 380 633 fugito,
391 580 458 617 num
469 563 595 633 garrulus
606 562 682 618 idem
693 564 746 630 eet,

42 1890 102 1946 Neo
113 1891 240 1947 retinent
251 1890 362 1961 patulae
374 1889 523 1945 commisse
534 1889 655 1946 fideliter
666 1894 754 1961 eures,
919 1895 953 1947 70

42 1976 80 2028 Et
91 1976 182 2029 semel
192 1974 327 2029 emissum
339 1974 415 2028 volet
427 1974 604 2029 irrevocabile
616 1974 741 2030 verbum

44 2059 110 2112 Nou
122 2058 225 2113 ancille
236 2060 320 2112 tuum
328 2057 408 2128 jecur
418 2058 526 2112 ulceret
534 2058 592 2112 ulla
603 2075 708 2129 puerve

43 2141 124 2195 Intro.
135 2156 325 2195 marmoreum
336 2141 486 2195 venerandi
498 2141 585 2196 limen
596 2141 688 2210 amici,

42 2223 85 2275 Ne
97 2222 231 2280 domiuus
241 2222 322 2293 pueri
333 2221 444 2293 pulchri
456 2239 568 2276 caraeve
580 2222 688 2293 puellae

42 2303 160 2358 Munere
172 2306 203 2355 te
208 2318 300 2385 parvo
311 2302 377 2357 beet
389 2306 439 2356 eut
450 2302 643 2358 incommodus
655 2306 745 2373 auget.

43 2384 161 2448 Qualem
174 2382 352 2437 commendes
364 2383 450 2437 etiem
461 2386 547 2452 atque
559 2384 646 2437 etium
658 2384 778 2454 adspice,
791 2401 826 2439 ne
838 2403 904 2439 mox
922 2440 927 2449 ,

43 2463 191 2519 Incutinut
202 2462 291 2517 aliene
302 2462 356 2517 tibi
368 2467 482 2533 peccota
493 2462 638 2533 pudorem.

42 2543 181 2599 Fallimur
191 2546 222 2597 et
233 2543 374 2613 quondum
385 2560 444 2597 nou
455 2542 571 2613 dignum
582 2543 720 2597 tradimus
730 2562 736 2597 :
753 2561 818 2614 ergo

43 2625 134 2689 Quem
146 2641 200 2678 suc
210 2624 293 2695 culpo
303 2627 413 2694 premet
425 2623 560 2695 deceptus
571 2624 673 2677 omitte
684 2624 768 2693 tueri,

42 2704 82 2758 Ut
93 2707 215 2777 penitus
226 2708 333 2772 notum,
346 2706 370 2758 ei
381 2707 496 2758 tentent
508 2702 633 2772 crimina,
645 2720 739 2759 serves
918 2708 934 2756 8

42 2786 214 2855 luterieque
225 2787 276 2839 tuo
287 2784 423 2839 fidentem
435 2783 575 2855 praesidio
585 2804 593 2849 3
610 2784 659 2854 qui

42 2866 136 2923 Dente
147 2866 296 2921 Theonino
308 2883 374 2921 cum
385 2864 610 2933 circumroditur,
623 2864 722 2937 ecquid

42 2952 85 3004 Ad
96 2955 132 3004 te
143 2953 212 3020 poet
223 2949 307 3019 poulo
319 2951 440 3009 ventura
449 2948 573 3018 pericula
584 2948 696 3003 sentiet

13 3044 14 3051 ’
41 3033 115 3089 Nam
128 3036 184 3087 tua
194 3048 241 3085 ree
252 3032 344 3102 agitur
356 3031 448 3102 peries
459 3048 524 3085 cum
536 3032 681 3102 proximus
693 3029 781 3097 ardet,

41 3116 77 3170 Et
88 3116 221 3187 neglecte
232 3115 323 3170 solent
335 3114 464 3169 incendia
475 3131 585 3168 numere
597 3113 678 3167 vires.

42 3196 141 3252 Dulcis
151 3196 308 3266 inexpertis
320 3197 429 3251 cultura
440 3195 566 3266 potentie
577 3194 660 3249 amici
671 3211 677 3247 :

42 3276 190 3350 Expertus
201 3277 313 3332 metuit.
348 3276 392 3330 Tu
404 3276 474 3331 dum
484 3279 536 3330 tue
546 3274 670 3331 naviuin
682 3274 740 3327 alto
752 3276 796 3328 eet

43 3360 102 3415 Hoc
113 3377 178 3431 age,
191 3376 228 3414 ne
238 3362 348 3415 mutate
360 3363 515 3415 retrorsum
525 3361 556 3414 te
567 3358 640 3413 ierat
651 3373 726 3413 eure.
