2342 3850
548 304 684 375 Houarn
698 304 812 354 runem

362 433 472 488 Aurum
484 450 534 504 per
544 433 652 488 medios
664 435 706 490 ire
718 435 854 490 satellites

363 514 401 568 Et
413 532 592 585 perrumpere
604 518 757 570 1111111111
769 516 914 587 potentius

365 596 430 650 Ictu
442 595 588 650 fulmineo:
608 596 730 651 concidit
742 598 856 666 auguris

399 676 497 747 Argivi
510 677 610 731 domus
623 678 658 732 ob
671 678 781 732 lucrum

363 757 497 811 Demersa
509 757 609 823 exiti03
628 757 730 812 diffidit
742 759 856 814 urbium

363 838 462 892 Portas
474 838 519 891 vir
530 838 645 893 Macedo
658 842 687 892 et
699 839 811 893 subruit
824 839 948 894 aemulos

364 918 452 988 Reges
466 919 630 973 muneribus
640 937 647 985 ;
665 937 782 973 munera
793 921 907 976 navium

401 1000 504 1053 Saevos
517 999 671 1069 illaquth
684 999 776 1054 duces.

366 1080 542 1134 Crescentem
554 1081 683 1150 sequitur
695 1099 761 1136 cura
773 1082 919 1153 pecuniam

363 1161 556 1230 Majorumque
569 1162 664 1215 fames.
700 1161 718 1214 J
720 1179 769 1215 ure
782 1163 927 1233 perhorrui

364 1243 432 1296 Inte
444 1242 628 1313 conspicuum
640 1242 737 1296 tollere
750 1243 893 1311 verticem,

399 1323 549 1391 Maecenas,
561 1325 690 1394 equitum
703 1323 795 1380 decus.

364 1405 475 1471 Quanto
487 1405 605 1475 quisque
617 1404 671 1458 sibi
684 1405 764 1475 plura
776 1405 926 1476 negaverit,

362 1484 408 1538 Ab
421 1485 465 1538 dis
478 1485 558 1555 plura
569 1486 653 1539 feret:
672 1485 712 1538 nil
724 1485 899 1556 cupientium

362 1564 463 1618 Nudus
475 1569 566 1619 castra
577 1568 643 1635 peto
657 1569 686 1619 et
697 1567 842 1637 transfirga
853 1567 975 1622 divitum

398 1645 495 1700 Partes
507 1646 633 1717 linquere
645 1647 743 1716 gestio,

364 1727 549 1798 Contemptae
561 1727 693 1782 dominus
705 1727 878 1799 splendidior
890 1733 937 1796 rei,

337 1833 343 1844 ·
362 1809 452 1875 Quam
464 1808 488 1862 si
501 1807 637 1877 quidquid
650 1812 711 1862 arat
724 1809 842 1880 impiger
853 1809 963 1880 Apulus

362 1888 507 1944 Occultare
520 1889 590 1943 meis
603 1887 708 1944 dicerer
719 1889 833 1959 horreis,

397 1970 511 2041 Magnas
523 1970 597 2024 inter
609 1988 677 2042 opes
689 1972 778 2043 inops.

362 2049 450 2104 Pirrae
462 2052 540 2104 rivus
552 2068 640 2121 aquae
652 2052 775 2121 silvaque
783 2052 913 2123 jugerum

362 2130 517 2185 Paucorum
529 2136 558 2186 et
570 2133 672 2203 segetis
686 2137 762 2189 certa
772 2134 841 2187 fides
854 2152 931 2189 meae

362 2211 527 2281 Fulgentem
539 2212 658 2283 imperio
670 2213 770 2267 fertilis
782 2213 892 2269 Africae

396 2291 482 2345 Fallit
494 2296 569 2347 sorte
581 2294 697 2348 beatior.

362 2373 538 2444 Quamquam
549 2392 601 2429 111
613 2375 744 2429 Calabrae
756 2375 837 2430 mella
849 2378 944 2431 ierunt
956 2394 1023 2449 apes

362 2453 422 2507 Nec
434 2454 630 2528 laestrygonia
643 2454 766 2510 Bacchus
779 2456 808 2510 in
820 2458 955 2528 amphora

362 2532 528 2603 Languescit
539 2535 610 2588 mihi
622 2552 673 2589 uec
685 2536 799 2606 pinguia
811 2537 923 2592 Gallicis

397 2612 533 2668 Crescunt
544 2616 645 2670 vellera
656 2618 775 2687 pascuis,

363 2693 529 2763 Importuna
540 2699 636 2751 tamen
647 2700 793 2768 pauperies
805 2700 892 2769 abest,

362 2773 421 2827 Nec
432 2774 457 2827 si
469 2775 550 2845 plura
561 2776 647 2830 velim
659 2780 692 2831 tu
705 2778 769 2833 dare
783 2779 907 2850 deneges.

361 2854 515 2909 Contracto
526 2857 626 2911 melius
639 2876 726 2928 parva
739 2861 869 2931 cupidine

399 2935 554 3005 Vectigalia
564 2939 713 3009 porrigam,

361 3015 452 3081 Quam
464 3016 489 3070 si
501 3017 660 3089 Mygdoniis
672 3040 788 3093 regnum
800 3023 926 3095 Alyattei

360 3098 476 3169 Campis
488 3102 657 3157 continuem.
693 3105 784 3160 Multa
795 3108 958 3177 petentibus

360 3176 470 3233 Desunt
482 3181 586 3236 multa:
604 3184 675 3238 bene
688 3188 731 3238 cst
744 3186 789 3239 cui
801 3186 870 3241 deus
882 3188 985 3243 obtulit

395 3257 480 3314 Paroa
491 3262 567 3330 quod
579 3264 647 3317 satis
660 3267 704 3317 est
716 3283 809 3322 manu.
