2342 3850
141 298 148 314 ⁹
212 283 257 329 leo
528 281 793 330 nonusnullum

213 409 252 463 Te
264 408 366 479 conjux
377 409 465 463 aliena
476 408 561 478 eapit,
572 408 751 463 meretricula
762 409 885 464 Davum:

213 489 313 546 Peeeat
324 493 388 545 uter
399 493 529 544 nostrum
540 507 623 544 eruce
634 490 761 560 digniusl
797 491 878 546 Aeris
889 490 939 545 ubi
951 508 998 546 me

214 571 323 626 Natura
332 571 462 639 intendit,
473 570 528 625 sub
539 569 613 625 clara
624 570 699 626 nuda
710 571 822 627 lucerna

215 651 402 722 Quaequue
414 652 524 722 excepit
535 652 675 722 turgentis
686 651 801 708 verbera
813 652 922 720 caudae,

214 730 349 787 (llunibus
361 736 411 787 aut
422 732 538 803 agitavit
550 749 655 802 equum
667 733 768 787 lasciva
779 733 920 804 supinum,
1091 741 1119 792 50

212 812 342 868 Dimittit
352 830 443 883 neque
465 813 604 871 famosum
615 830 706 883 neque
718 813 869 868 sollicitum
880 831 915 868 ne

214 894 307 949 Ditior
318 897 368 950 aut
379 895 486 950 formae
496 895 620 949 melioris
631 895 720 950 meiat
732 895 837 950 eodem.

213 976 258 1031 'fu
270 993 335 1030 eum
346 975 479 1046 projectis
490 975 655 1045 insignibus,
668 976 771 1030 annulo
784 976 908 1046 equestri

215 1057 394 1127 Romanoque
406 1056 510 1124 habitu,
523 1055 620 1128 prodis
632 1074 667 1111 ex
675 1056 769 1127 judioe
781 1057 871 1111 Dama

215 1136 326 1208 turpis,
338 1136 484 1190 odoratum
496 1139 582 1206 eaput
594 1135 760 1191 obscurante
771 1136 888 1204 laoerna,

215 1217 282 1271 Non
293 1234 324 1272 es
335 1217 410 1287 quod
422 1217 554 1272 simulasl
589 1217 719 1272 Metuens
730 1217 869 1272 induceris
881 1219 968 1288 atque

213 1298 377 1353 Alteroante
388 1298 552 1353 libidinibus
563 1299 662 1352 tremis
675 1315 737 1354 ossa
748 1316 856 1370 pavore.

215 1378 289 1446 Quid
303 1380 388 1434 refert
398 1380 449 1447 uri,
460 1379 544 1450 virgis
556 1379 684 1449 ferroque
695 1379 788 1434 neoari

213 1459 385 1515 Auctoratus
397 1478 451 1526 eas,
464 1477 500 1514 an
512 1460 591 1530 turpi
603 1460 713 1514 clausus
725 1460 755 1513 in
767 1477 837 1526 area,

215 1540 276 1608 Quo
287 1545 318 1594 te
328 1541 442 1595 demisit
453 1541 560 1612 peceati
572 1541 681 1595 oonseia
692 1541 797 1609 herilis,
1087 1547 1120 1598 60

216 1622 398 1677 contractum
410 1621 527 1692 genibus
538 1624 637 1691 tangas
649 1621 750 1692 eaputl
785 1621 872 1675 Estne
884 1621 986 1676 marito

214 1703 358 1759 Matronae
370 1705 511 1776 peccantis
522 1705 553 1758 in
564 1704 648 1758 ambo
657 1705 736 1776 justa
744 1704 887 1775 potestas?

215 1784 250 1838 ln
262 1789 453 1855 corruptorem
465 1786 509 1840 vel
518 1785 630 1855 justior.
667 1782 720 1839 Illa
731 1789 827 1840 tamen
839 1802 869 1839 se

213 1864 278 1918 Non
289 1866 389 1920 habitu
401 1868 529 1921 mutatve
540 1866 609 1933 loon,
621 1869 752 1937 peccatve
765 1882 892 1937 superne.

215 1946 287 2001 Cum
299 1951 329 2001 te
341 1947 472 2002 formidet
483 1948 584 2002 mulier
595 1964 685 2017 neque
698 1946 792 2002 eredat
804 1946 919 2015 amanti,

215 2019 275 2081 Ibis
287 2028 595 2099 subfureamprudens
607 2028 774 2099 dominoque
787 2028 892 2082 timenti
1151 2042 1152 2082 i

214 2108 382 2163 Committes
393 2127 454 2164 rem
465 2125 579 2164 omnem
591 2112 620 2163 et
631 2110 719 2163 vitam
731 2113 760 2163 et
772 2127 837 2164 eum
850 2125 965 2180 corpore
977 2108 1091 2163 famam

214 2188 318 2258 Evssti,
330 2189 411 2244 eredo
423 2194 533 2245 metues
545 2190 699 2259 doctusque
712 2190 833 2245 cavebis:
1151 2196 1152 2243 l

215 2271 337 2337 Quaeres
348 2271 460 2341 quando
472 2272 577 2326 iterum
589 2288 691 2342 paveas
702 2271 861 2341 iterumque
873 2270 963 2341 perire
1151 2244 1152 2307 l

215 2351 443 2420 Possis,ototies
454 2356 565 2409 servus!
603 2353 679 2421 Quae
692 2352 785 2407 bellua
796 2352 896 2423 ruptis,
1086 2353 1122 2406 70

216 2432 288 2487 Cum
299 2429 385 2487 semei
397 2434 501 2504 effugit,
513 2432 606 2488 reddit
618 2451 648 2487 se
661 2450 746 2504 prava
757 2433 881 2487 eatenis?

214 2514 280 2568 Non
292 2532 356 2568 sum
367 2515 508 2583 moechus,
519 2515 568 2569 ais.
604 2514 703 2583 Neque
715 2530 765 2583 ego
777 2513 888 2568 hercule
900 2513 947 2567 fur
958 2512 1010 2568 ubi
1022 2530 1092 2569 vasa

214 2595 359 2649 Praetereo
370 2596 481 2665 sapiens
492 2599 635 2665 argentea:
652 2594 721 2650 tolle
733 2596 875 2666 periclum,

213 2677 278 2731 Jam
290 2695 358 2747 vaga
369 2677 498 2747 prosiliet
510 2677 596 2731 frenis
607 2680 710 2732 natura
720 2678 844 2732 remotis.

213 2758 293 2813 Tune
305 2758 375 2812 mihi
387 2758 524 2826 dominus,
537 2775 630 2811 rerum
641 2758 768 2829 imperiis
778 2757 980 2827 hominumque

213 2841 269 2895 'lot
280 2840 423 2910 tantisque
434 2839 532 2906 minor,
544 2855 629 2907 quem
640 2842 685 2892 ter
696 2838 820 2893 vindicta
832 2842 987 2909 quaterque

214 2922 350 2993 Imposita
360 2919 436 2974 haud
445 2936 571 2989 unquam
582 2920 685 2973 misera
696 2918 843 2973 formidine
855 2919 966 2989 privet?
1029 2952 1035 2963 ·

213 3003 294 3057 Adde
301 3020 390 3072 vsuper
401 3000 485 3055 dietis
496 2998 571 3069 quod
582 3016 640 3053 non
651 2999 741 3054 levius
752 2999 855 3053 valeat:
873 3016 939 3053 nam

213 3082 278 3135 Sive
289 3083 408 3135 vicarius
420 3084 464 3135 est
475 3081 525 3150 qui
536 3097 617 3134 servo
629 3083 717 3149 peret,
729 3081 773 3134 uti
785 3097 846 3133 mos

211 3162 312 3214 Vester
323 3162 370 3229 ait,
384 3179 433 3215 seu
445 3177 609 3225 oonservus;
625 3160 680 3214 tibi
692 3160 761 3230 quid
773 3178 837 3215 sum
849 3160 915 3231 agol
950 3158 1064 3231 Nempe

213 3240 337 3293 'ltimihi
349 3242 398 3309 qui
410 3240 613 3310 imperitasalii
626 3241 909 3311 servismiseratque
1085 3240 1116 3289 81

213 3319 329 3372 Duoeris
340 3323 374 3374 ut
386 3322 479 3376 nervis
491 3322 589 3377 alienis
601 3322 705 3378 mobile
717 3322 832 3393 lignum.
