2342 3850
211 327 241 374 92

428 323 562 372 nomm
575 323 688 371 mucul
702 321 854 373 cunum
863 323 900 372 30.

355 451 471 506 Addunt
481 468 563 506 avare
575 451 689 505 divitias
701 450 786 505 mari:

354 533 434 587 'Turne
444 550 490 586 me
500 532 618 587 biremis
630 531 768 602 praesidio
780 529 897 601 saaphae

389 614 495 668 Tutum
507 631 558 684 per
569 613 693 682 Aegaeos
705 613 847 666 tumultus

424 695 502 750 Aura
512 695 585 749 feret
595 693 779 764 geminusque
790 691 896 747 Pollux.

620 1009 710 1064 XXX.

351 1175 444 1229 Em
455 1174 670 1228 monumentum
682 1189 744 1227 aere
757 1171 910 1243 perennius

353 1255 503 1326 Regalique
515 1255 575 1309 situ
587 1253 766 1324 pyramidum
778 1253 869 1321 altius,
1151 1321 1152 1324 Ἰ

355 1335 437 1403 Quod
448 1352 506 1390 non
517 1335 608 1389 imber
620 1335 697 1403 edax,
710 1351 766 1388 non
778 1334 882 1404 Aquilo
896 1334 1038 1406 impotens
1151 1333 1152 1390 ἓ

356 1416 449 1471 Possit
459 1415 570 1471 diruere
581 1417 631 1469 aut
643 1415 854 1469 innumerabilis
1151 1411 1152 1452 i

356 1497 505 1550 Annorum
516 1497 603 1550 series
615 1498 645 1550 et
656 1495 721 1564 fuga
732 1498 899 1565 temporum

356 1577 420 1632 Non
432 1578 524 1632 omnis
534 1577 645 1645 moriar,
657 1577 802 1646 multaque
814 1594 878 1648 pare
890 1577 947 1630 mei

356 1659 468 1714 Vitabit
480 1658 647 1714 Libitinam:
665 1675 755 1729 usque
767 1676 818 1729 ego
830 1661 943 1728 postera

358 1740 487 1796 Oreseam
498 1740 580 1795 laude
591 1757 687 1795 reeens
699 1740 768 1795 dum
780 1740 952 1810 Capitolium

356 1821 476 1877 Seandst
487 1838 552 1876 eum
562 1822 651 1876 taeita
662 1820 769 1890 virgine
780 1820 916 1891 pontifex.

356 1902 440 1958 Diear
451 1920 506 1974 qua
516 1901 623 1958 violens
636 1901 776 1973 obstrepit
787 1900 908 1956 Aufidus

356 1984 394 2037 Et
406 2001 461 2054 qua
472 2001 579 2054 pauper
590 2001 678 2054 aquae
690 1983 805 2037 Daunus
818 1983 971 2053 agrestium

357 2065 493 2135 Regnavit
505 2064 678 2136 populorum,
691 2083 725 2119 ex
737 2064 839 2118 humili
851 2066 961 2135 petens,

359 2146 493 2217 Princeps
503 2145 635 2200 Aeolium
647 2162 758 2199 carmen
769 2144 805 2199 ad
818 2144 905 2199 Italos

357 2225 512 2281 Deduxisse
524 2225 630 2279 modos.
666 2226 750 2279 Sume
762 2225 923 2295 superbiam

357 2305 518 2372 Quaesitam
529 2305 639 2359 meritis
651 2307 681 2359 et
692 2305 764 2359 mihi
776 2305 912 2376 Delphica

358 2386 449 2442 Lauro
462 2387 540 2459 cinge
551 2386 656 2455 volens,
668 2385 851 2457 Melpomene,
863 2402 981 2442 comam.
