2342 3850
355 317 540 367 semum
555 319 575 366 L
591 320 628 368 10.
915 323 958 370 ltt

54 445 242 500 Extenumis
253 461 300 500 ecs
311 445 447 500 consulto.
481 443 643 500 Ridiculum
653 445 711 500 acri

54 527 168 582 Fortius
179 529 210 581 et
221 527 322 580 melius
333 543 447 605 magnas
457 526 622 596 plerumque
634 529 710 582 secet
721 543 775 582 res.

54 607 101 663 Illi
110 609 217 678 scripta
228 608 330 677 quibus
342 607 482 662 comoedia
493 608 585 678 prisca
596 608 664 662 viris
676 610 721 662 est

54 688 117 742 Hoc
127 688 251 756 stabant,
262 688 315 742 hoc
325 692 395 742 sunt
405 687 550 754 imitandi;
568 705 640 758 quos
651 705 742 758 neque
754 689 871 759 pulcher

53 771 242 839 Hermogenes
253 786 378 839 unquam
389 769 459 839 legit
469 786 561 839 neque
572 769 673 824 simius
684 770 740 824 iste

52 850 102 905 Nil
111 853 225 921 praeter
235 849 352 905 Calvum
362 853 393 905 et
404 851 506 905 doctus
517 853 629 905 cantare
642 850 792 906 Catullum

53 932 119 986 “At
128 947 263 1001 magnum
273 931 340 986 fecit
351 931 428 1000 quod
438 932 531 986 verbis
542 931 648 986 Graeca
659 931 768 987 Ietinis
923 937 959 988 20

54 1011 194 1066 Miscuit.'’
230 1011 255 1066 Ο
266 1012 322 1066 seri
332 1011 506 1066 studiorum!
525 1012 611 1081 quine
622 1012 732 1082 putetis

52 1093 172 1147 Difficile
183 1095 214 1147 et
224 1093 328 1147 mirum
339 1092 449 1147 Rhodio
460 1092 536 1162 quod
547 1092 721 1147 Pitholeonti

55 1173 202 1243 Contigit?
238 1177 255 1205 “
262 1173 303 1228 At
314 1191 406 1228 sermo
417 1173 512 1243 lingua
523 1174 677 1228 concinnus
689 1178 808 1244 utraque

54 1253 177 1322 Suavior,
188 1257 222 1309 ut
234 1254 304 1309 chio
314 1257 383 1308 nota
393 1254 419 1308 si
431 1255 584 1308 commixta
596 1253 706 1308 Felemi
718 1257 784 1310 est.’'

56 1334 126 1389 Cum
137 1351 238 1389 versus
247 1335 340 1402 facias,
351 1338 381 1389 te
392 1335 487 1405 ipsum
498 1336 655 1405 percontor,
666 1352 703 1390 an
715 1339 745 1390 et
757 1352 821 1390 cum

57 1414 131 1470 Duru
142 1416 199 1470 tibi
209 1415 365 1486 peragenda
375 1417 417 1470 rei
428 1416 469 1470 sit
480 1433 563 1470 causa
574 1415 688 1470 Petillii

58 1495 169 1550 Scilicet
180 1496 286 1551 oblitus
297 1497 459 1567 patriaeque
470 1497 623 1566 patrisque,
636 1497 734 1552 Latine

59 1576 127 1632 Oum
138 1577 243 1633 Pedius
254 1595 353 1632 causas
364 1576 484 1632 exsudet
493 1577 633 1648 Poplicola
644 1581 730 1648 atque

60 1656 203 1726 Corvinus,
214 1659 315 1728 patriis
325 1657 517 1712 intermiscere
527 1659 621 1728 petita

59 1737 148 1792 Verba
158 1739 229 1794 foris
239 1739 330 1806 malis,
342 1738 477 1794 Canusini
487 1755 565 1792 more
576 1737 729 1808 bilinguis?
924 1742 960 1792 30

60 1818 151 1889 Atque
163 1836 216 1890 ego
228 1835 292 1874 cum
303 1819 423 1874 Graecos
433 1819 553 1874 facerem
564 1821 649 1873 natus
661 1835 738 1873 mare
750 1818 820 1873 citra

59 1894 225 1969 Versiculos,
237 1901 330 1956 vetuit
340 1918 386 1955 me
397 1900 449 1955 teli
460 1916 528 1955 voce
539 1899 683 1967 Quirinus,

59 1980 122 2036 Post
133 1981 257 2037 mediam
268 1985 381 2037 noctem
391 1982 470 2037 visus
481 1999 545 2036 cum
557 1982 668 2036 somnis
678 1997 758 2036 vera:

61 2063 76 2090 “
83 2062 114 2117 In
126 2063 229 2117 silvam
239 2080 297 2118 non
307 2064 383 2133 ligna
393 2063 466 2117 feras
476 2062 604 2117 insanius
615 2078 647 2117 ec
658 2062 684 2116 ei

61 2140 171 2213 Magnae
183 2143 352 2198 Graecorum
363 2144 445 2199 mdis
455 2144 572 2214 implere
581 2142 729 2197 caterves’'

61 2222 196 2294 turgidus
207 2224 328 2294 Alpinus
336 2225 447 2295 jugulat
457 2224 526 2279 dum
537 2224 694 2293 Memnone,
707 2222 830 2293 dumque

63 2304 182 2375 Defingit
193 2304 285 2360 Rheni
295 2306 405 2361 luteum
417 2308 509 2375 caput,
521 2305 591 2359 haec
603 2322 653 2375 ego
665 2304 739 2373 ludo,

63 2384 135 2451 Quae
146 2403 240 2456 neque
250 2388 281 2440 iu
293 2386 360 2441 aede
371 2390 473 2441 sonent
483 2387 620 2440 certantia
628 2384 723 2454 judice
734 2384 831 2455 Turpe,

61 2463 117 2520 Nec
126 2465 245 2521 redunt
254 2468 359 2521 iterum
369 2469 454 2537 atque
464 2467 569 2521 iterum
581 2465 735 2536 spectanda
745 2466 872 2521 theatris

62 2547 166 2617 Arguta
177 2548 323 2602 meretrice
334 2550 416 2618 potes
427 2547 560 2616 Davoque
572 2546 722 2601 Chremete
927 2547 962 2598 40

28 2690 29 2698 ¹
62 2627 198 2683 Eludente
209 2644 307 2682 senem
318 2628 406 2681 comis
417 2628 520 2697 garrire
533 2626 643 2681 libellos

28 2703 30 2713 '
63 2706 143 2763 Unus
153 2710 292 2775 vivom,
304 2706 434 2762 Fimduni
440 2727 448 2774 3
464 2707 553 2761 Pollio
563 2724 661 2776 regum

64 2787 147 2841 Facta
158 2788 234 2842 canit
245 2787 317 2858 pede
328 2791 374 2843 ter
384 2805 533 2859 percusso;
548 2788 622 2842 felte
634 2804 701 2857 epos
712 2804 775 2842 acer

63 2868 103 2922 Ut
113 2885 196 2923 nemo
207 2868 311 2924 Varius
323 2869 402 2924 ducit
412 2890 419 2936 ;
436 2869 520 2923 molle
531 2872 616 2938 atque
628 2867 752 2922 facetum

63 2948 177 3019 Virm'lio
188 2953 349 3004 annuerunt
359 2948 511 3019 gaudentes
522 2966 587 3002 rure
600 2948 743 3002 (tamense.

64 3028 125 3083 Hoc
135 3032 204 3100 erat,
216 3034 333 3101 experto
345 3030 451 3085 frustra
461 3029 586 3084 Varrone
598 3028 719 3082 Atacino

63 3110 156 3181 Atque
166 3110 335 3182 quibusdum
346 3112 418 3179 aliis,
429 3110 531 3164 melius
542 3109 618 3180 quod
629 3108 751 3163 scribere
763 3120 883 3176 possem,

64 3189 212 3247 inventore
223 3193 330 3258 minor;
347 3208 439 3261 neque
450 3208 500 3260 ego
511 3190 554 3244 illi
565 3190 710 3244 detrahere
721 3187 812 3241 ausim

65 3270 233 3327 Haerentem
245 3272 332 3343 capiti
343 3290 409 3327 cum
419 3272 510 3325 multa
520 3270 601 3325 laude
613 3284 749 3323 coronam

65 3352 271 3409 Atdixiflucre
282 3354 358 3408 huno
369 3352 551 3419 lutulentum,
563 3366 646 3419 saepe
658 3350 794 3403 ferentem
931 3352 965 3399 50
