2342 3850
356 316 579 366 nrlswmnuu
594 317 615 366 1.
630 320 667 366 19.
918 320 962 369 231

59 423 200 496 Mandebo
211 442 301 510 siccis,
313 441 437 497 adimam
449 447 561 499 cantare
573 445 678 500 severis
685 445 710 499 :“

59 523 124 576 Hoc
135 522 306 577 simuledixi
318 541 376 577 non
387 541 528 578 cessavere
539 528 638 596 poetae
931 533 965 582 10

58 603 209 657 Nocturno
220 606 326 657 oertme
337 620 424 672 mero,
437 607 535 675 putere
547 605 654 660 diurno.

58 683 144 753 Quid,
156 685 182 738 si
194 685 257 753 quie
268 685 352 738 vultu
363 687 445 740 torvo
456 685 533 740 ferus
545 689 575 739 et
585 686 658 756 pede
669 686 744 741 nudo

60 764 241 834 Erigoneque
252 768 333 834 togae
344 764 460 820 simulet
470 769 579 821 textore
593 767 736 836 Catonem,

59 846 242 899 virtutemne
253 849 444 918 repraesentet
455 864 604 917 moresque
617 849 730 903 Catonis
741 849 751 904 l

60 926 151 996 Rupit
163 925 298 980 Iarbitam
309 927 466 996 Timagenis
477 929 587 982 aemula
598 929 700 998 lingua,

59 1007 138 1060 Dum
149 1005 246 1060 studet
257 1007 380 1062 urbanus
392 1007 539 1078 tenditque
552 1009 675 1063 disertus
686 1009 789 1064 haberi.

60 1089 177 1160 Decipit
187 1089 328 1159 exemplar
339 1089 418 1144 vitiis
429 1090 566 1144 imitabile
578 1111 586 1156 ;
598 1091 698 1170 quodsi

59 1169 196 1223 Pallerern
208 1186 273 1223 casu
285 1169 415 1223 biberent
427 1187 565 1240 exsangue
576 1171 728 1226 cuminum.

61 1254 85 1306 0
95 1253 264 1321 imitatores,
276 1270 389 1307 servum
400 1271 494 1324 pecus,
505 1257 540 1307 ut
551 1254 625 1308 mihi
637 1272 719 1325 saepe

60 1335 159 1402 Bilern
171 1351 252 1404 saepe
261 1333 358 1404 jocum
369 1333 580 1390 vestri'movere
591 1337 732 1391 tumultus
745 1339 751 1390 ἔ
837 1405 839 1412 Ι
930 1341 965 1392 20

60 1417 162 1470 libera
171 1433 223 1485 per
231 1432 351 1469 vacuum
362 1416 444 1486 posui
455 1416 574 1485 vestigia
585 1417 722 1488 princepe,

60 1497 125 1550 Non
136 1495 227 1551 aliena
238 1512 301 1550 meo
313 1496 403 1566 pressi
415 1496 493 1567 pede.
528 1496 584 1563 Qui
597 1498 651 1551 sibi
663 1499 727 1552 fidit

60 1578 124 1630 Dux
135 1577 210 1646 regit
220 1593 343 1630 examen.
379 1576 473 1630 Parios
486 1593 536 1646 ego
547 1577 657 1646 primus
669 1578 777 1633 iambos

60 1658 181 1713 Ostendi
192 1657 280 1726 Latio,
292 1674 424 1712 numeros
435 1657 598 1728 animosque
611 1663 725 1713 secutus
854 1713 857 1720 ,

60 1738 231 1806 Archilochi,
243 1754 300 1791 non
311 1755 357 1791 ree
369 1740 398 1791 et
409 1737 521 1806 egentia
531 1738 617 1792 verba
629 1738 795 1810 Lycamben.

60 1820 102 1872 Ac
113 1835 151 1872 ne
162 1835 209 1872 me
220 1818 295 1872 foliis
306 1816 369 1871 ideo
382 1817 556 1872 brevioribus
568 1835 651 1872 ornes

60 1899 141 1966 Quod
152 1899 239 1953 timui
249 1901 360 1953 mutare
371 1897 469 1953 modos
480 1901 510 1953 et
522 1899 655 1953 carminis
668 1900 768 1967 artem,

60 1980 211 2049 Temperat
222 1979 383 2034 Archilochi
395 1980 507 2033 Musam
517 1980 589 2049 pede
602 1980 724 2034 mascula
736 1978 855 2050 Sappho,

60 2061 210 2131 Temperat
221 2060 347 2128 Alcaeus,
359 2059 409 2114 sed
420 2059 504 2114 rebus
516 2063 546 2114 et
557 2059 655 2114 ordine
668 2059 769 2130 disper,

59 2142 120 2195 Nec
131 2158 259 2195 socerum
270 2140 381 2211 quaerit
392 2157 477 2210 quem
488 2141 617 2195 versibus
633 2140 739 2195 oblinat
750 2140 827 2208 atris,
928 2146 963 2197 30

59 2221 119 2275 Nec
131 2219 249 2292 sponsae
259 2220 391 2289 laqueum
403 2220 509 2275 famoso
521 2222 643 2276 carmine
655 2221 751 2275 nectit.

58 2302 144 2356 Hunc
156 2319 208 2371 ego
217 2318 274 2355 non
285 2301 339 2355 alio
351 2301 461 2357 dietum
472 2302 551 2372 prius
563 2319 610 2355 ore
623 2302 740 2355 Latinus

57 2382 180 2452 Vulgari
190 2381 306 2447 fidicen3
319 2381 401 2451 juvat
413 2382 609 2436 immemorata
621 2382 758 2436 ferentem

58 2463 195 2533 lngennis
206 2461 349 2531 oculisque
361 2461 414 2531 legi
426 2462 612 2531 manibusque
624 2462 721 2515 teneri.

56 2543 135 2596 Scire
146 2541 217 2595 velis
229 2558 291 2595 mea
303 2560 353 2596 our
365 2543 492 2612 ingratus
503 2542 636 2612 opuscula
647 2542 734 2596 lector

56 2620 170 2676 laudet
180 2625 310 2691 ametque
323 2622 408 2690 domi,
421 2626 530 2692 premat
543 2625 622 2676 extra
633 2621 718 2677 limen
731 2622 863 2691 iniquus?

55 2702 124 2756 Non
137 2718 189 2769 ego
199 2705 332 2756 ventosae
343 2703 434 2773 plebis
446 2702 576 2772 suffragia
587 2720 674 2757 venor

54 2784 202 2855 Impensis
214 2802 364 2839 coenarum
376 2788 405 2839 et
417 2786 502 2840 tritae
514 2803 630 2840 munere
642 2786 731 2840 vestis
743 2805 749 2849 ;

53 2866 123 2919 Non
136 2881 189 2934 ego
199 2865 339 2920 nobilium
351 2866 522 2936 scriptorum
534 2865 646 2920 auditor
658 2869 688 2919 et
700 2866 776 2920 ultor

54 2947 265 3002 Grammaticus
276 2946 382 3001 ambire
394 2947 487 3001 tribue
498 2950 528 3001 et
539 2947 650 3018 pulpita
662 2948 775 3017 dignor:
928 2949 963 3000 40

53 3028 135 3086 Hine
145 3027 211 3082 illae
221 3028 358 3082 lacrimae.
393 3031 410 3059 “
417 3028 522 3099 Spissis
532 3028 647 3099 indigna
657 3028 776 3082 theatris

52 3111 173 3181 Scripta
184 3109 273 3181 pudet
283 3110 401 3165 recitare
413 3114 443 3164 et
454 3111 537 3181 nugis
548 3110 649 3165 addere
661 3108 795 3180 pondus,”

52 3193 83 3246 Si
96 3190 177 3246 dixi:
195 3193 212 3221 “
220 3189 327 3259 Rides‚”
340 3192 389 3259 ait,
403 3194 458 3245 “et
468 3190 549 3244 Jovis
560 3191 675 3245 auribus
687 3191 743 3243 iste

52 3274 159 3327 Sorvae
170 3290 177 3337 ;
188 3270 254 3325 fidis
265 3272 342 3326 enim
352 3288 465 3326 manere
481 3271 590 3341 politica
602 3270 684 3323 mella

52 3354 94 3408 Te
106 3351 212 3419 solum,
224 3351 278 3406 tibi
289 3350 426 3423 pulcher.’'
462 3350 507 3405 Ad
519 3350 587 3405 haee
599 3368 649 3420 ego
661 3348 774 3403 neribus
787 3349 829 3402 uti
