2342 3850
393 306 454 359 Ans
467 309 611 359 Poenica,

47 447 91 501 'lu
103 444 177 500 nihil
188 441 280 497 inrita
292 440 367 494 dices
379 439 499 494 faciesve
511 439 652 506 Minerra3

49 528 83 583 Id
94 527 149 582 tibi
158 524 297 596 judicium
310 524 362 590 est,
375 538 408 575 ea
419 538 506 577 mens.
543 521 574 575 Si
586 521 655 592 quid
665 523 761 576 tamen
774 520 842 576 olim

47 606 200 678 scripseris
212 605 242 658 in
253 603 342 657 Maeci
354 601 505 656 descendat
513 601 618 672 judicis
629 619 710 657 aures

48 688 86 740 Et
97 686 188 758 patris
201 688 231 739 et
242 687 360 751 nostres,
373 700 533 752 nonumque
546 687 693 754 prematur
703 683 734 738 in
745 697 859 750 annum,

47 766 222 823 Membranis
234 765 313 818 intus
325 764 440 835 positis:
459 762 549 818 delere
561 763 660 818 licebit

47 848 132 916 Quod
143 844 352 913 nonedideris3
371 844 748 902 nescitvoxmissarererti
898 847 953 898 390

47 928 199 982 silvestres
210 926 338 980 homines
350 943 427 980 socer
440 925 634 996 interpresque
646 926 763 984 deorum

47 1005 189 1063 (tsedibus
198 1010 228 1061 et
238 1007 316 1061 victu
326 1005 408 1060 foedo
419 1005 555 1061 demmuit
566 1005 704 1077 Orpheus,

46 1090 151 1144 Dictus
163 1088 200 1143 ob
210 1089 265 1143 hoc
275 1087 362 1142 lenire
374 1088 460 1157 tigres
472 1087 638 1158 rabidosque
650 1088 759 1156 leones3

46 1172 150 1226 Dictus
163 1173 192 1224 et
204 1169 354 1240 Amphion,
367 1168 514 1223 Thebanae
526 1169 655 1225 conditer
665 1170 746 1239 arcis,

45 1254 119 1307 Saxa
128 1268 240 1306 movere
251 1267 321 1305 sono
332 1249 483 1304 testudinis
495 1253 525 1304 et
536 1267 618 1321 prece
629 1250 733 1306 blanda

44 1334 154 1388 Ducere
167 1348 224 1403 quo
234 1330 326 1386 vellet.
360 1329 428 1385 Fuit
440 1330 508 1392 haec
519 1332 659 1402 sapientia
669 1331 819 1403 quondam,

44 1413 163 1468 Publica
174 1411 292 1483 privatis
304 1428 455 1480 secernere,
467 1429 545 1466 sacra
556 1413 691 1483 profanis,

46 1492 210 1548 Concubitu
221 1491 369 1563 prohibere
380 1508 456 1561 vago,
469 1491 533 1546 dore
542 1492 607 1563 jura
617 1492 735 1562 maritis,

46 1573 160 1645 Oppida
171 1571 270 1640 moliri,
282 1571 356 1642 leges
368 1571 490 1626 incidere
501 1572 577 1642 ligno
587 1592 595 1638 ;

43 1653 91 1709 Sic
102 1653 195 1708 honor
206 1657 236 1708 et
246 1669 349 1707 nomen
362 1651 464 1707 divinis
476 1653 590 1708 ratibus
601 1656 687 1722 atque
897 1654 952 1705 400

43 1732 225 1790 Carminibus
236 1732 322 1787 venit
358 1733 427 1787 Post
438 1732 491 1788 hos
503 1733 620 1804 insignis
632 1733 774 1788 Homerus

45 1813 244 1884 Tyrtaerrsque
255 1829 347 1867 mares
359 1814 467 1868 animos
478 1813 509 1866 in
519 1814 624 1868 Martia
635 1813 710 1868 bella

45 1893 187 1949 Versibus
199 1893 326 1959 execuit3
344 1892 437 1951 diotae
448 1911 499 1965 per
511 1894 635 1950 carmina
644 1897 753 1961 sortes;

45 1976 86 2029 Et
97 1976 174 2029 vitae
187 1978 345 2030 monstrata
356 1975 402 2031 vic
414 1978 470 2041 est;
489 1978 519 2030 et
531 1976 622 2047 gratia
633 1993 732 2046 rogum

46 2056 147 2111 Pieriis
159 2059 271 2111 tentata
282 2054 375 2111 modis
382 2076 390 2123 ;
407 2055 547 2127 ludusque
559 2060 691 2129 repertus

46 2141 86 2194 Et
98 2142 247 2211 longorum
259 2156 377 2211 operum
389 2140 467 2195 finis:
485 2158 521 2195 ne
533 2141 607 2195 forte
618 2138 721 2212 pudori

45 2225 92 2279 Sit
104 2224 162 2279 tibi
173 2223 255 2278 Musa
266 2223 341 2294 lyrae
354 2224 453 2278 sollers
465 2226 495 2278 et
507 2226 605 2279 cantor
616 2224 726 2296 Apollo.

46 2304 159 2361 Natura
170 2304 251 2359 ficret
264 2303 404 2359 laudabile
415 2320 529 2359 carmen
540 2322 577 2359 an
589 2308 650 2360 arte

47 2387 218 2454 Quaesitum
230 2388 288 2441 est:
307 2403 357 2455 ego
369 2403 421 2441 nec
433 2387 561 2441 studium
572 2387 634 2443 sine
646 2386 736 2442 divite
746 2404 817 2441 vena

47 2467 111 2523 Nec
123 2465 194 2522 rude
204 2466 273 2537 quid
284 2467 374 2537 possit
386 2466 469 2522 video
482 2467 641 2537 ingenium
657 2468 775 2523 alterius
787 2468 828 2523 sic
904 2469 957 2520 410

48 2549 150 2604 Altera
161 2549 255 2620 poscit
269 2564 352 2619 opem
363 2564 409 2603 res
422 2550 452 2603 et
464 2550 592 2620 conjurat
603 2550 700 2605 amice.

48 2631 106 2697 Qui
118 2628 218 2685 studet
230 2631 359 2699 optatam
371 2646 456 2683 cursu
467 2630 628 2701 contingere
639 2634 746 2686 metam

48 2711 144 2765 Multa
155 2708 225 2764 tulit
236 2708 359 2779 fecitque
371 2726 448 2779 puer,
460 2710 574 2765 sudavit
585 2714 616 2766 et
627 2712 700 2780 alsit,

49 2789 203 2847 Abstinuit
214 2806 316 2844 venere
329 2792 359 2843 et
370 2790 453 2857 rin03
471 2792 520 2862 qui
536 2791 639 2863 Pythia
651 2795 747 2848 cantat

49 2871 170 2927 Tibicen
183 2868 281 2924 didicit
294 2868 374 2940 prius
386 2870 573 2941 extimuitque
585 2872 761 2943 magistrum

48 2952 111 3007 Nec
123 2951 195 3005 satis
207 2953 251 3005 est
263 2950 380 3005 dixisse:
398 2950 481 3022 “Ego
495 2952 567 3005 mira
578 2956 708 3023 po'e'mata
719 2968 824 3023 pang03
838 2955 844 2967 '

49 3034 179 3104 Occupet
191 3033 348 3087 extremum
360 3030 482 3097 scabies;
497 3031 568 3086 mihi
580 3035 664 3103 turpe
675 3032 796 3102 relinqui
808 3034 852 3087 est

48 3110 90 3169 Et
101 3111 179 3184 quod
189 3128 247 3166 non
259 3110 346 3166 didici
358 3128 425 3166 sane
437 3112 544 3165 nescire
556 3111 663 3166 fateri?

48 3194 93 3250 Ut
105 3210 214 3266 praeco,
227 3191 263 3247 ad
274 3209 380 3247 meroes
391 3192 506 3248 turbem
518 3192 568 3263 qui
580 3192 654 3262 cogit
664 3186 805 3264 emendos,

9 3274 10 3285 ¹
49 3276 253 3331 Assentatores
262 3271 346 3344 jubet
358 3272 394 3327 ad
404 3272 516 3327 lucrum
527 3273 569 3327 ire
581 3275 665 3343 poeta
904 3274 959 3328 420

48 3356 139 3412 Dives
151 3354 233 3427 agris,
245 3353 324 3410 dives
335 3354 438 3426 positis
449 3352 480 3408 in
492 3352 588 3409 fenore
599 3351 731 3408 nummis.
