2342 3850
536 327 670 380 nomm
683 327 795 381 smool

351 457 435 513 Orbis
446 455 596 514 Britannos
604 464 635 513 ei
641 459 778 529 juvenum
789 475 884 515 reeens

386 537 511 592 Examen
521 536 589 594 Eois
600 540 759 595 timendum

421 618 552 674 Partibus
563 620 729 690 Oceanoque
737 621 830 675 rubro.

352 699 432 754 Eheu
443 699 606 755 oioebrioum
618 704 648 754 ei
659 701 773 756 soeloris
781 701 869 771 pudet

352 779 544 850 suarumque.
579 781 655 848 Quid
666 798 718 836 nos
729 781 798 837 dura
808 781 962 852 refugimus

387 861 474 916 Asiae
486 859 498 916 l
532 859 603 930 quid
614 862 753 916 iniaoium
761 861 863 916 nefasti

421 940 589 1011 Liquimusi
625 942 699 997 unde
710 959 825 997 manum
839 942 975 1012 juventus

352 1019 433 1074 Metu
445 1019 561 1076 deorum
573 1021 735 1076 ooniinuiil
770 1021 874 1092 quibus

350 1099 478 1170 Peporeii
489 1099 564 1156 arisi
600 1102 624 1158 0
635 1102 746 1156 utinam
757 1119 829 1158 nova

387 1180 492 1236 Inoude
500 1181 627 1252 diffingas
638 1186 767 1237 rotimum
778 1183 809 1236 in

421 1260 591 1333 Massagetas
601 1262 765 1333 Arabasque
773 1264 879 1318 ferrum
890 1267 896 1317 1

592 1631 723 1691 XXXVI.

352 1857 392 1913 Er
403 1859 486 1914 thura
496 1861 525 1911 ei
536 1857 641 1913 fidibus
650 1858 732 1929 juvat

386 1940 495 1994 Plaoare
507 1943 538 1992 et
548 1939 633 1993 vituli
644 1938 777 2009 sanguim
789 1935 885 1995 debito

351 2018 489 2074 Custodes
499 2017 639 2074 Numidae
651 2019 727 2089 daos,

385 2099 440 2165 Qui
451 2116 526 2153 nuno
537 2098 675 2171 Hesperia
686 2118 781 2173 sospes
790 2103 827 2157 ab
838 2102 947 2162 utimr,

352 2182 429 2237 Caris
441 2180 531 2236 madia
539 2181 690 2249 sodalibus,

386 2261 464 2316 Nulli
476 2262 556 2332 plura
566 2266 663 2317 iumen
672 2262 775 2319 dividit
785 2265 880 2319 oscula

350 2343 441 2410 Quam
453 2342 527 2397 dulei
535 2342 655 2412 Iamiae,
668 2360 776 2400 memor

385 2425 473 2479 Actae
481 2442 539 2479 non
550 2424 605 2480 alio
615 2443 679 2496 rege
690 2427 817 2498 poemiae

349 2505 528 2575 Mutatoeque
538 2506 624 2561 simul
634 2510 723 2577 togae.

386 2585 485 2641 Cressa
493 2604 529 2641 ne
541 2591 633 2642 careat
644 2587 761 2658 pulobra
772 2587 832 2643 dies
842 2593 917 2655 nota,

349 2664 412 2720 Neu
420 2670 567 2737 promptae
578 2668 679 2722 modus
690 2668 848 2739 amphoras,

384 2744 449 2800 Neu
459 2762 567 2803 morsm
574 2748 605 2803 in
616 2748 722 2803 Salium
733 2749 772 2803 sii
785 2750 896 2821 requies
908 2749 1018 2821 pedum,

349 2824 413 2880 Neu
424 2825 507 2880 mulii
515 2826 641 2882 Damalis
649 2830 720 2883 meri

384 2904 503 2961 Bassum
515 2906 643 2963 Threicia
654 2910 750 2965 vineat
760 2910 904 2982 amystide,

349 2984 377 3039 N
378 3003 413 3041 eu
421 2987 514 3042 desim
525 2988 617 3059 opulis
627 3006 713 3057 rosae,

384 3066 448 3123 Nau
457 3068 539 3124 vivex
550 3070 655 3140 apium,
666 3088 722 3125 neu
734 3070 818 3127 breve
830 3072 927 3128 lilium.

349 3148 454 3203 Omnes
468 3149 499 3203 in
510 3148 642 3205 Damalin
651 3155 750 3222 putres

384 3227 534 3299 Deponunt
543 3230 644 3298 oculos,
656 3248 708 3286 neo
716 3232 841 3288 Damalis
852 3250 924 3288 novo

348 3307 503 3363 Divelleiur
513 3309 647 3379 adalbero,

385 3386 509 3447 Iosoivis
520 3388 631 3447 hederis
642 3390 824 3448 ambitiosior.
