2342 3850
369 285 591 336 mmmmm
605 287 626 338 I.
642 289 679 337 15.
927 295 969 340 221

52 416 105 470 Ad
116 413 278 485 strepitum
289 412 372 468 salias
382 417 474 469 berrae
484 415 591 484 gravis:
610 419 640 470 eb
650 418 745 470 temen
757 433 839 487 urges

52 497 71 550 J
72 495 244 566 empridem
256 512 312 548 non
322 497 399 549 lacta
410 495 550 566 ligonibus
561 514 627 552 arva
638 496 793 567 bovemque

52 577 251 647 Disjunctum
262 593 341 630 curas
352 579 382 630 eb
393 576 501 631 strictis
511 577 658 632 frondibus
670 579 764 651 exples
775 600 783 646 ;

53 658 156 713 Addit
168 675 244 729 opus
254 657 333 729 pigro
344 659 429 725 riuis,
440 659 465 712 si
477 659 583 713 decidit
595 660 692 729 imber,

53 741 156 795 Multa
168 740 245 795 mole
255 740 397 795 docendus
408 741 501 811 aprico
512 759 625 812 peroere
636 743 724 813 prebe.
940 747 975 796 30

53 823 149 876 Nunc
160 838 215 891 age
226 821 294 891 quid
305 825 435 875 nostrum
446 825 613 876 concentum
625 822 733 878 dividat
744 822 817 878 audi

55 904 157 970 Quem
169 907 273 956 tenues
285 901 401 956 decuere
411 905 492 972 bogae
500 903 639 972 nitidique
651 903 752 974 capilli,

55 986 157 1052 Quem
170 984 229 1037 scis
239 983 393 1037 immunem
405 983 520 1037 Cinarae
531 983 667 1054 placuisse
679 984 779 1054 rapeci,

56 1067 157 1132 Quem
169 1064 302 1118 bibulum
312 1064 412 1134 liquidi
423 1060 516 1118 media
527 1063 562 1118 de
573 1064 636 1118 luoe
648 1063 766 1134 Falerni,

57 1147 161 1201 Coena
173 1144 270 1199 brevis
278 1145 360 1215 juvat
371 1149 401 1200 ei
411 1162 499 1216 prope
511 1145 603 1199 rivum
615 1161 730 1200 somnus
742 1146 772 1200 in
784 1145 886 1210 herbe3

55 1227 124 1281 Nec
136 1225 243 1280 lusisse
254 1224 343 1296 pudeb
353 1225 403 1280 sed
414 1242 471 1279 non
481 1225 604 1280 incidere
615 1225 722 1281 ludum.

56 1311 130 1364 Non
143 1308 215 1363 istic
226 1308 339 1378 obliquo
351 1309 431 1364 oculo
442 1326 506 1364 mee
517 1307 662 1363 commode
673 1311 822 1380 quisquam

57 1392 170 1459 fimat,
183 1407 242 1444 non
252 1390 316 1444 odio
328 1390 446 1444 obscuro
457 1408 608 1460 morsuque
620 1395 741 1447 venenet
752 1411 761 1458 ;

58 1473 176 1528 Rident
187 1472 272 1526 vicini
284 1471 378 1541 glebas
390 1474 420 1525 ei
431 1489 498 1526 sexa
509 1475 679 1526 moventem.

60 1554 142 1608 Oum
154 1552 247 1607 servis
257 1551 363 1606 urbana
375 1551 462 1606 diaria
472 1551 569 1606 rodere
579 1553 688 1606 mavis:
940 1555 975 1603 40

59 1634 182 1688 Horum
195 1635 229 1687 tu
240 1633 270 1686 in
282 1649 431 1687 numerum
443 1635 509 1687 voto
520 1633 580 1687 mis
590 1652 598 1698 ;
615 1631 723 1686 inuidet
733 1647 817 1686 usum

59 1715 224 1784 Lignorum
236 1716 265 1767 et
276 1714 384 1784 pecoris
395 1714 450 1767 libi
461 1713 521 1768 calo
531 1716 647 1784 argutus
659 1716 689 1766 el
699 1712 782 1766 herli.

59 1795 158 1866 Optat
170 1793 304 1864 ephippia
314 1795 374 1862 bos,
386 1794 465 1864 piger
475 1797 555 1864 optat
567 1810 644 1847 erare
656 1792 776 1848 caballus
786 1811 794 1857 ;

60 1878 161 1945 Quam
174 1875 230 1930 scit
241 1878 359 1945 uterque
370 1874 461 1930 libens
472 1873 590 1930 censebo
602 1876 728 1929 exerceat
738 1876 835 1929 erlem

493 2199 556 2254 XV.

64 2360 156 2427 Quen
168 2357 209 2411 sil
219 2356 311 2411 hiems
322 2355 427 2423 Veliae,
438 2354 515 2424 quod
526 2354 641 2423 caelum,
653 2352 731 2422 Vela,
743 2354 858 2423 salomi,

64 2440 199 2507 Quorum
210 2437 357 2491 hominum
367 2437 442 2506 regio
455 2439 484 2489 et
496 2436 586 2506 qualis
597 2435 651 2503 vie,
663 2436 738 2505 (nam
748 2435 819 2490 mihi
831 2435 911 2489 Baies

64 2521 152 2575 Musa
163 2534 349 2589 supervacuas
360 2516 504 2571 Antonius
514 2517 545 2569 eb
555 2517 652 2569 tamen
663 2514 720 2569 illie

63 2601 113 2654 Me
125 2600 199 2655 facil
209 2599 341 2667 invisum,
354 2597 444 2668 gelide
455 2614 520 2651 cum
531 2597 645 2667 perluor
656 2596 732 2651 unde

64 2683 122 2737 Per
134 2679 264 2735 medium
275 2680 369 2749 frigus.
403 2679 475 2733 Sene
487 2681 611 2732 mmbets
622 2678 743 2747 relinqui

63 2765 210 2832 Dictaque
222 2763 377 2815 cessantem
388 2758 483 2814 nervis
494 2758 597 2813 elidere
608 2758 738 2813 morbum

65 2844 215 2915 Sulphura
226 2842 369 2897 contemni
380 2842 460 2895 vicus
471 2840 567 2911 gemit,
579 2839 692 2895 invidus
704 2839 800 2909 aegris,

65 2926 126 2992 Qui
139 2926 227 2994 caput
239 2925 268 2976 eb
280 2922 456 2977 stomachum
468 2938 625 2992 supponere
636 2920 763 2975 fontibus
775 2916 879 2973 audent

66 3004 200 3060 Clusinis
211 3003 371 3072 Gabiosque
382 3004 487 3071 petunt
500 3005 530 3055 et
540 3000 641 3071 frigide
651 3017 723 3055 rura

65 3084 227 3141 Mutandus
238 3083 316 3137 locus
328 3086 372 3137 est
384 3087 413 3137 eb
424 3082 582 3136 deversoria
593 3084 661 3135 note
943 3082 975 3131 10

65 3165 309 3236 Praeberagendus
321 3182 417 3235 equus.
446 3163 534 3230 “Quo
544 3162 639 3217 tendis
649 3162 659 3216 l
688 3160 754 3215 Non
766 3160 835 3213 mihi
848 3159 950 3213 Cumas

65 3252 124 3306 Eeb
135 3249 194 3303 iter
204 3250 256 3303 aui
267 3248 375 3316 Baias,’'
386 3248 465 3301 laeva
475 3246 669 3300 stomachosus
679 3243 788 3298 habena

65 3332 156 3387 Dicet
168 3346 274 3399 eques3
299 3327 349 3382 sed
360 3327 425 3398 equi
434 3326 543 3382 frenato
555 3328 601 3381 est
612 3326 688 3380 auris
699 3324 729 3379 in
740 3324 805 3393 ore.)
