2342 3850
552 285 689 334 Hoaaun
701 285 814 334 mccl

364 411 458 482 Teque
469 411 538 466 dum
550 411 686 483 proeedis,
698 412 726 467 io
738 411 907 483 Triumphe!

363 492 430 548 Non
441 493 528 547 semel
538 492 671 560 dicemus,
683 492 711 546 io
723 492 893 563 Triumphe!

365 572 473 628 (1111111
485 573 577 626 omnis
589 572 773 643 dabimusque
786 572 861 626 divis

399 653 495 708 Thura
505 653 642 724 benignis

366 733 405 788 Te
417 734 513 788 deeem
525 733 602 789 tauri
613 733 788 803 totidemque
800 749 907 802 vaceae,

365 814 411 869 Me
422 818 503 869 tener
514 815 605 869 solvet
617 813 725 869 vitulus
736 813 833 868 relicta

364 895 455 950 Matre
466 895 517 965 qui
528 895 612 965 largis
620 893 778 965 juvenescit
790 893 886 949 herbis

401 975 437 1028 In
448 992 511 1030 mea
523 978 597 1044 veta,

365 1055 472 1110 Fronte
482 1059 613 1110 curvatos
624 1055 755 1111 imitatus
767 1056 845 1126 ignes

366 1135 495 1190 Tertium
505 1135 589 1190 lunae
601 1136 747 1191 referentis
760 1140 863 1204 ortum,

366 1214 428 1283 Qua
439 1219 537 1270 notam
548 1216 630 1271 duxit
641 1217 742 1274 niveus
754 1216 842 1272 videri

401 1297 501 1352 Cetera
512 1297 614 1352 1111111.

652 1645 706 1701 III.

367 1850 455 1919 Quart
466 1853 507 1918 tu,
519 1848 701 1920 Melpomene,
714 1847 800 1903 semel

402 1932 573 1987 Naseentem
584 1930 694 2001 placido
706 1930 812 1984 lumine
825 1927 938 1996 videris,

366 2010 452 2067 Illum
463 2030 521 2065 non
531 2010 609 2066 labor
622 2010 760 2065 Isthmius

402 2092 526 2147 Clarabit
538 2092 669 2163 pugilem,
680 2109 737 2146 non
750 2108 839 2162 equus
851 2090 971 2161 impiger

366 2171 458 2227 Curru
470 2172 554 2227 dueet
565 2172 689 2227 Achaico

399 2252 552 2319 Vieterem,
564 2270 654 2323 neque
666 2270 711 2307 res
723 2251 822 2307 bellica
833 2251 922 2307 Deliis

367 2331 505 2387 Ornatum
517 2333 590 2387 foliis
603 2334 711 2401 ducem,

401 2412 483 2479 Quod
495 2432 593 2483 regum
604 2413 727 2468 tumidas
739 2412 899 2467 contuderit
911 2412 1011 2480 minas,

367 2494 503 2551 Ostendet
516 2496 668 2567 Capitolio:

403 2577 459 2631 Sed
470 2594 541 2647 quae
552 2577 640 2632 Tibur
652 2594 738 2648 aquae
749 2574 842 2630 fertile
853 2574 1012 2647 praefluunt

366 2656 405 2710 Et
416 2658 520 2728 spissae
532 2675 678 2712 nemorum
691 2674 785 2712 comae

400 2736 521 2807 Fingent
532 2738 630 2793 Aeolio
642 2738 763 2793 carmine
775 2737 906 2792 nobilem.

366 2817 470 2874 Romae
482 2820 618 2892 principis
630 2820 743 2874 urbium

401 2901 540 2972 Dignatur
551 2902 664 2957 suboles
676 2903 751 2957 inter
763 2900 896 2957 amabiles

365 2980 472 3037 Vatum
484 3000 587 3054 ponere
599 3000 644 3036 ma
657 2983 763 3049 choros,
1020 3040 1022 3043 ,

401 3062 439 3116 Et
448 3063 507 3133 jam
519 3062 603 3119 dente
615 3064 709 3118 minus
721 3062 850 3117 mordeor
861 3061 963 3117 invido.

367 3141 399 3211 O,
411 3143 564 3198 testudinis
575 3161 674 3198 aureae

401 3223 520 3278 Duleem
531 3240 602 3291 quae
615 3224 773 3293 strepitum,
785 3222 867 3291 Pieri,
879 3225 1028 3294 temperas,

366 3300 389 3355 0
401 3304 490 3356 mutis
502 3320 613 3373 quoque
625 3304 751 3373 piscibus

399 3381 545 3437 Donatura
557 3384 644 3453 cycni,
656 3383 680 3435 si
694 3382 787 3450 libeat,
799 3399 907 3451 senum,
