2342 3850
368 309 590 364 EPISTULARUM
604 313 657 364 La.

478 655 535 711 ΠΙ.

44 817 63 872 J
65 830 120 873 mn
130 815 224 885 Flore,
236 816 342 887 quibus
353 819 494 873 terrarum
504 819 611 874 militet
622 821 679 876 oris

45 899 187 954 Claudius
198 899 321 969 Augusti
332 899 478 970 privignus
487 900 558 954 scire
568 900 671 956 laboro

44 978 194 1034 Thracane
206 995 257 1034 voe
267 978 435 1049 Hebrusque
446 979 533 1033 nivali
544 979 679 1050 compede
690 979 810 1051 vinctus,

45 1061 96 1115 An
107 1059 184 1114 freta
195 1059 301 1114 vicinas
313 1059 388 1114 inter
400 1059 540 1113 currentia
550 1062 653 1128 turres,

45 1143 95 1195 An
106 1141 229 1211 pingues
239 1141 324 1194 Asiae
336 1140 428 1211 campi
437 1139 575 1209 collesque
587 1141 753 1197 morautml

45 1220 125 1288 Quid
135 1219 263 1275 studiosa
272 1221 371 1275 cohors
382 1237 499 1292 operum
510 1220 617 1275 struitl
652 1219 714 1277 Hoc
725 1239 836 1296 quoque
847 1241 921 1282 curo.

45 1301 121 1368 Quis
132 1301 190 1357 sibi
201 1319 246 1357 res
257 1305 350 1372 gestas
361 1302 484 1372 Augusti
496 1301 617 1356 scribere
629 1304 738 1359 sumiti

44 1382 127 1437 Bella
138 1383 205 1452 quis
217 1385 246 1436 et
257 1399 340 1452 paces
351 1381 466 1452 longum
478 1381 612 1436 difflmdit
623 1384 654 1438 in
665 1386 787 1441 aemiml

46 1463 127 1530 Quid
137 1462 233 1518 Titius
243 1461 370 1517 Romana
381 1461 460 1518 brevi
471 1467 609 1518 venturus
620 1465 651 1519 in
662 1467 730 1522 mal

44 1542 187 1598 Pindarici
198 1543 285 1598 fontis
297 1544 346 1613 qui
357 1559 414 1598 non
426 1544 563 1614 expalluit
575 1544 703 1615 haustus,
924 1555 957 1606 10

44 1623 189 1679 Fastidire
199 1624 277 1678 lacus
288 1625 318 1678 et
329 1623 406 1678 rivos
416 1641 502 1679 ausus
512 1629 633 1696 apertos.

44 1702 90 1758 Ut
102 1703 201 1759 valeti
218 1707 254 1758 ut
264 1705 397 1758 meminit
407 1705 519 1760 nostrii
553 1704 709 1762 Fidibusne
724 1707 833 1766 latinis

43 1783 195 1840 Thebanos
206 1788 303 1855 aptare
314 1785 412 1840 modos
423 1784 521 1840 studet
531 1787 643 1856 auspice
655 1787 743 1858 Musa,

44 1865 94 1919 An
106 1865 212 1936 tragica
223 1864 349 1920 desaevit
360 1869 391 1920 et
401 1866 573 1937 ampullatur
583 1867 614 1920 in
625 1871 686 1923 arte
697 1869 708 1925 l

46 1946 124 2013 Quid
134 1946 207 2001 mihi
219 1946 317 2001 Celsus
328 1946 404 2017 agitl
421 1948 547 2003 monitus
555 1949 735 2021 multumque
746 1954 902 2009 monendus

45 2026 173 2081 Privatus
183 2030 218 2081 ut
228 2031 344 2096 quaerat
355 2044 431 2097 opes,
442 2030 471 2083 et
481 2032 595 2099 tangere
607 2030 680 2085 vitet

45 2106 157 2177 Scripta
167 2106 311 2162 Palatinus
323 2125 505 2179 quaecunque
515 2110 623 2180 recepit
634 2110 743 2182 Apollo,

44 2187 90 2242 Ne
101 2188 127 2242 si
137 2186 212 2243 forte
223 2206 288 2243 suas
299 2189 454 2258 repetitum
463 2190 572 2244 venerit
583 2190 651 2245 olim

44 2268 121 2323 Grex
132 2269 229 2323 avium
239 2269 350 2339 plumas
361 2273 473 2324 moveat
483 2270 624 2325 cornicula
634 2270 725 2326 risum

44 2348 172 2405 Fmtivis
183 2350 290 2404 nudata
300 2349 447 2405 coloribus
482 2349 548 2420 Ipsa
559 2350 629 2421 quid
636 2352 745 2413 ‚audesl
917 2359 952 2411 20

44 2430 122 2499 Quae
134 2430 342 2486 circumvolitas
353 2430 431 2501 agilis
442 2430 562 2502 thymal
596 2432 625 2485 N
625 2449 662 2487 on
674 2434 728 2489 tibi
739 2451 857 2507 parrum

43 2516 203 2588 Ingenium,
214 2534 271 2571 non
283 2517 424 2573 incultum
435 2520 480 2576 cst
491 2521 521 2573 et
532 2519 657 2589 turpiter
667 2517 783 2577 hirtum.

43 2597 100 2653 Seu
110 2598 238 2668 linguam
249 2598 340 2652 causis
351 2598 428 2653 acuis
439 2614 491 2653 scu
502 2598 659 2668 civiccjura

42 2677 222 2750 Respondere
232 2695 314 2749 paras
325 2695 376 2733 scu
387 2677 485 2733 condis
494 2678 614 2733 amabile
627 2696 746 2748 carmen,

42 2758 137 2814 Prima
147 2758 221 2813 feres
232 2758 350 2814 hederae
361 2759 486 2814 victricis
498 2760 629 2830 praemia.
664 2760 771 2827 Quodsi

41 2837 156 2911 Frigida
167 2856 298 2894 curarum
309 2837 434 2893 fomenta
445 2840 602 2910 relinquere
613 2856 711 2911 posses

41 2919 104 2987 Quo
115 2923 146 2975 te
158 2919 286 2975 caelestis
298 2920 435 2989 sapientia
446 2919 561 2976 duceret
572 2920 635 2975 ires.

40 2999 103 3056 Hoc
113 3017 195 3071 opus,
206 3001 261 3055 hoc
272 2999 398 3055 studium
409 3000 488 3071 parvi
499 3016 681 3072 properemus
693 3003 723 3056 et
734 2999 820 3071 ampli

39 3081 70 3136 Si
80 3082 191 3153 patriae
202 3080 340 3151 volumus,
351 3080 377 3136 ei
388 3081 471 3136 nobis
482 3081 575 3136 vivere
587 3082 650 3136 cari.

39 3162 133 3218 Debes
141 3161 663 3229 hocetiamresmiberasitibiourac
914 3167 949 3219 30

39 3242 168 3311 Quantae
180 3243 327 3297 conveniet
336 3242 482 3297 Munatius
492 3260 499 3306 3
516 3260 553 3296 au
562 3242 634 3297 male
646 3244 720 3296 sarta

40 3324 138 3381 Gratia
148 3324 338 3395 nequicquam
348 3323 406 3379 coit
418 3326 447 3377 et
459 3322 635 3377 rescinditur.
670 3321 712 3379 at
723 3337 774 3379 vos
