2342 3850
215 305 260 354 250
541 302 677 352 nonam
690 303 802 352 much

215 431 300 486 Terra
310 429 462 501 Neptunus
473 429 574 484 classes
586 429 764 500 aquilonibus
774 432 858 497 arcet

217 513 300 583 Regis
311 529 390 584 opus,
402 511 540 566 sterilisve
551 511 602 566 diu
613 512 693 582 palus
704 514 825 582 aptaque
836 510 922 564 remis

216 593 330 649 Vicinas
342 593 426 648 urbes
438 591 489 646 alit
504 595 534 646 et
545 609 629 663 greve
641 593 729 646 sentit
740 596 873 660 aratrum,

217 675 273 730 Seu
284 691 397 730 cursum
409 674 532 728 mutavit
543 674 673 742 iniquum
684 672 812 742 frugibus
823 672 915 726 amnis

216 757 325 813 Doctus
337 758 392 812 iter
403 757 513 826 melius,
524 757 655 811 mortalia
666 756 739 810 faeta
751 755 892 826 peribunt,

217 836 329 892 Nedum
341 853 503 892 sermonum
514 839 573 890 stet
584 837 674 890 hones
685 839 715 889 et
726 837 814 906 gratia
824 836 914 889 vivax.

217 917 308 972 Multa
319 921 500 972 renascentur
511 916 651 986 quaejam
662 917 791 983 cecidere,
804 915 960 986 cadentque
1101 917 1134 968 70

218 999 294 1066 Quae
306 1016 381 1054 nune
392 1000 461 1054 sunt
473 999 503 1052 in
514 997 620 1053 honore
631 997 773 1066 vocabula,
785 998 809 1051 si
821 998 897 1051 velet
908 1013 988 1064 usus,

218 1079 309 1146 Quem
321 1095 407 1149 penes
418 1078 567 1134 arbitrium
579 1081 623 1132 est
635 1082 666 1132 et
673 1079 721 1149 jus
733 1082 763 1133 et
774 1095 873 1132 norma
882 1076 1028 1147 loquendi.

218 1159 274 1214 Res
285 1162 379 1230 gestae
390 1175 541 1229 regumque
554 1158 713 1229 ducumque
725 1163 755 1213 et
765 1159 860 1213 tristia
870 1159 944 1213 bella

219 1240 281 1308 Quo
293 1240 377 1295 scribi
388 1244 505 1311 possent
516 1257 634 1295 numero
645 1240 816 1294 monstravit
827 1240 978 1293 Homerus

220 1321 357 1376 Versibus
368 1321 514 1392 impariter
522 1319 632 1390 junctis
643 1320 819 1390 querimonis
830 1321 965 1390 primum,

220 1400 287 1456 Post
300 1402 386 1456 etiam
397 1401 504 1456 incluse
515 1403 560 1456 est
571 1401 632 1455 voti
642 1401 785 1456 sententia
796 1418 923 1471 compos:

219 1483 290 1551 Qiris
302 1485 397 1538 temen
408 1483 522 1553 exiguos
534 1483 625 1552 elegos
635 1481 762 1536 emiserit
773 1484 878 1549 auctor,

221 1563 403 1620 Grammatici
414 1566 523 1618 certant
535 1565 564 1616 et
575 1562 668 1617 adhuc
680 1562 835 1632 subjudice
846 1562 882 1616 lis
894 1563 945 1615 est

221 1644 421 1700 Archilochum
432 1643 545 1715 proprio
557 1643 650 1698 rabies
661 1644 781 1698 armavit
792 1643 903 1708 iambo;

222 1725 307 1780 Hune
318 1725 392 1780 socci
404 1741 501 1796 cepere
512 1724 614 1794 pedem
626 1724 799 1794 grandesque
811 1723 951 1792 cothurni,
1105 1725 1161 1774 80·

222 1805 349 1860 Alternis
360 1809 460 1876 aptum
471 1805 651 1860 sermonibus
663 1809 693 1860 et
704 1806 854 1876 populares

223 1887 391 1945 Vincentem
402 1887 539 1959 strepitus
550 1889 692 1942 et'natum
703 1887 788 1942 rebus
800 1886 922 1957 agendis
1038 1937 1042 1941 .

223 1968 305 2024 Musa
316 1968 394 2023 dedit
405 1969 509 2023 fidibus
520 1967 600 2023 divos
611 1985 767 2040 puerosque
779 1968 898 2023 deorum

224 2048 263 2103 Et
275 2048 399 2119 pum'lem
411 2050 547 2103 victorem
559 2052 590 2104 et
601 2066 705 2120 equum
716 2050 868 2103 certamine
879 2048 1005 2120 primum

224 2129 263 2183 Et
270 2129 407 2199 juvenum
419 2147 500 2185 curas
511 2133 541 2183 ct
552 2130 642 2185 libere
653 2131 719 2185 vina
730 2130 840 2185 referre.

225 2210 383 2281 Discriptas
395 2227 505 2265 servare
516 2211 592 2265 vices
605 2226 777 2282 operumque
789 2210 895 2265 colores

226 2290 284 2345 Gur
297 2307 346 2361 ego
358 2291 384 2345 si
395 2308 504 2362 nequeo
515 2292 668 2362 ignoroque
680 2295 763 2363 poeta
775 2290 900 2347 salutorl

226 2374 285 2428 Gur
296 2374 402 2429 nescire
414 2376 524 2446 pudens
535 2393 622 2446 prave
634 2392 720 2445 quam
732 2376 840 2430 discere
851 2374 943 2429 maloi

227 2454 363 2511 Versibus
375 2456 476 2525 exponi
487 2457 601 2526 tragicis
611 2474 657 2511 res
669 2457 774 2511 comice
784 2473 842 2511 non
853 2455 929 2520 vult;

227 2534 393 2606 Indignatur
403 2536 474 2591 item
485 2538 839 2608 privatisacpropeseeeo
1108 2538 1143 2588 90

228 2616 328 2687 Dignis
339 2617 510 2673 carminibus
521 2618 628 2673 narrari
639 2634 725 2672 coena
735 2618 883 2688 Thyestae.

231 2698 345 2770 Singula
356 2715 483 2769 quaeque
493 2699 586 2754 locum
597 2702 714 2753 teneant
725 2699 825 2752 sortita
836 2695 974 2752 decenter.

229 2778 376 2834 interdum
387 2782 483 2834 tamen
494 2782 524 2833 et
534 2796 632 2834 vocem
644 2778 786 2833 comoedia
797 2778 881 2845 tollit,

231 2862 381 2931 Iratusque
393 2860 526 2915 Chremes
537 2860 647 2915 tumido
658 2860 784 2929 dehtigat
795 2876 858 2925 ore;

230 2940 269 2995 Et
280 2941 401 3010 tragicus
412 2941 576 3012 plerumque
587 2941 664 2995 dolet
674 2957 802 2995 sermone
813 2938 938 3011 pedestri

231 3020 371 3091 Telephus
384 3024 413 3075 et
424 3021 529 3087 Peleus,
542 3039 607 3075 cum
619 3038 726 3093 pauper
737 3024 768 3075 et
779 3020 858 3075 exsul
868 3022 988 3089 uterque

232 3100 347 3171 Projieit
358 3102 494 3173 ampullas
505 3104 535 3156 et
547 3102 752 3172 sesquipedalia
762 3100 855 3166 verbe,

231 3180 263 3234 Si
274 3184 355 3234 curat
367 3198 414 3235 eor
425 3182 579 3253 spectantis
591 3183 719 3251 tetigisse
731 3181 850 3251 querela

232 3255 297 3309 Non
308 3258 377 3313 satis
390 3263 434 3313 est
446 3261 563 3331 pulchra
575 3276 636 3314 esse
649 3264 793 3331 poemata3
810 3258 903 3314 dulcia
914 3260 1001 3313 sunto

232 3334 270 3387 nt
282 3350 447 3408 quocunque
459 3340 555 3395 volent
565 3340 693 3395 animum
703 3340 840 3396 auditoris
850 3341 965 3411 agaimo
1093 3338 1142 3392 100
