2342 3850
364 281 586 332 nnsuonsuuu
600 281 620 331 I.
635 285 658 331 d.
912 285 955 330 2⁰9

14 412 15 417 ’
47 409 87 463 Et
98 409 211 466 Moschi
222 427 334 465 causam
345 429 352 465 :
370 427 431 466 crus
442 414 510 466 nuto
522 411 638 466 &esaie
649 413 739 466 festus

47 490 105 545 Det
116 492 231 546 veniam
242 508 427 561 somnumque
438 491 517 559 dies;
534 493 650 563 impune
662 492 758 548 licebit
922 495 955 547 10

46 571 197 627 Aestivsm
208 589 336 626 sermone
347 572 468 643 benigno
478 573 594 629 tendere
606 576 725 628 noctem.

48 651 110 717 Quo
121 653 196 707 mihi
206 652 349 707 fortunam
360 654 385 707 si
397 671 455 708 non
466 654 630 710 conceditur
641 655 685 708 uti
695 656 705 708 l

46 731 151 787 Pcrcus
163 734 200 788 ob
212 733 322 788 heredis
333 751 429 788 curum
439 735 616 806 nimiumque
628 751 742 790 severus

46 813 166 868 Assidet
175 814 290 868 insano:
307 817 404 884 potare
415 817 446 868 et
455 831 583 885 spargere
595 813 677 869 flores

46 893 196 966 Incipiam,
207 895 353 965 patiarque
360 895 406 949 vel
416 896 593 950 inconsultus
604 895 708 950 hsberi.

46 975 122 1041 Quid
132 993 192 1030 non
203 976 323 1030 ebrietas
334 976 481 1046 designet?
515 977 621 1047 Operts
631 975 757 1042 recludit,

46 1055 117 1126 Spes
123 1055 209 1127 jubet
221 1075 281 1111 esse
292 1061 376 1126 retes,
388 1056 424 1111 sd
433 1057 538 1128 proelis
547 1057 640 1112 trudit
650 1059 769 1112 inertem
779 1077 786 1122 3

46 1136 181 1191 Sollicitis
192 1138 293 1191 animis
305 1155 376 1192 onus
387 1138 494 1206 eximit,
506 1137 624 1192 addocet
634 1141 715 1192 artes

46 1217 173 1272 Fecundi
184 1218 282 1273 calices
292 1236 376 1290 quem
387 1236 445 1274 non
455 1218 545 1273 fecere
555 1218 693 1274 disertum
702 1218 713 1271 l

47 1299 199 1354 Contracta
210 1317 294 1370 quem
305 1301 581 1371 ncninpcupcrtetc
593 1299 739 1354 solutum?
916 1301 950 1350 20

46 1379 124 1434 Hnec
134 1398 187 1451 ego
196 1398 345 1452 precinere
356 1383 386 1435 et
397 1380 513 1435 idoneus
525 1380 647 1451 imperor
659 1382 688 1433 ct
699 1397 756 1434 non

46 1461 169 1531 Invitus,
180 1479 217 1516 ne
228 1466 311 1534 turpe
322 1462 403 1531 toral,
414 1479 451 1516 ne
461 1461 571 1516 sordida
582 1478 684 1532 mappa

46 1543 182 1613 Corruget
193 1560 283 1612 neres,
295 1560 332 1597 ne
342 1560 399 1597 non
411 1545 442 1597 et
453 1543 604 1597 cantharus
616 1545 646 1596 et
656 1542 721 1596 lsnx

46 1623 185 1678 Ostendet
196 1624 250 1678 tibi
262 1628 300 1692 te,
312 1641 348 1678 ne
359 1623 430 1678 fidos
441 1623 517 1677 inter
527 1624 631 1677 amicos

46 1705 91 1758 Sit
102 1706 152 1775 qui
163 1705 239 1760 dicta
249 1706 323 1759 forus
334 1705 470 1773 eliminet,
480 1707 516 1758 ut
527 1707 606 1758 cedet
617 1721 668 1774 par

46 1784 63 1837 J
64 1788 239 1856 nugatus-quc
250 1787 318 1855 peri.
353 1784 470 1839 Butram
481 1783 535 1838 tibi
547 1784 764 1855 Septiciumque,

45 1867 83 1920 Et
93 1867 151 1922 nisi
163 1885 247 1922 coena
257 1868 334 1939 prior
340 1867 488 1939 potiorque
498 1866 592 1937 puella
604 1865 737 1920 Sabinum

46 1949 172 2019 Detinet,
183 1966 340 2015 essumsm3
357 1950 435 2003 locus
446 1952 491 2003 est
503 1952 533 2003 et
543 1948 672 2019 pluribus
684 1946 807 2001 umbris:

47 2029 102 2084 Sed
112 2031 199 2085 nimis
210 2034 271 2085 crta
281 2033 414 2101 premunt
425 2029 514 2084 olidae
526 2030 653 2083 convivia
664 2045 767 2099 caprae.

47 2110 89 2165 Tu
101 2115 206 2182 quotus
218 2129 277 2166 esse
290 2111 359 2165 velis
370 2112 501 2179 rescribe,
513 2114 543 2165 et
554 2110 637 2165 rebus
649 2109 760 2163 omissis
914 2112 948 2163 30

47 2192 128 2246 Atria
137 2195 298 2247 servantem
309 2192 417 2263 postico
428 2191 494 2246 felle
505 2192 644 2246 clientem.

488 2522 538 2578 VL

46 2672 666 2745 Nmsdmiruriprcpcreseetunfflumicn

46 2755 164 2827 Solsqde
174 2773 246 2826 quac
257 2756 349 2827 pessit
359 2756 448 2811 fucere
459 2759 489 2810 et
500 2773 610 2810 servare
623 2756 743 2811 beatum,

45 2837 128 2893 Hunc
139 2837 228 2893 selem
240 2840 270 2891 et
281 2836 376 2891 stelles
388 2841 418 2891 et
427 2836 589 2891 decedentia
601 2838 685 2891 certis

45 2917 182 2989 Tempora
192 2918 345 2971 momentis
356 2921 424 2972 sunt
436 2918 485 2987 qui
496 2917 645 2971 formidine
656 2918 733 2972 nulle

44 2999 152 3055 Imbuti
164 3000 307 3069 spectent:
325 2998 394 3068 quid
405 3015 501 3053 censes
512 3016 628 3053 munera
639 3002 737 3067 tenue,

44 3080 118 3147 Quid
128 3080 216 3134 maiis
228 3082 368 3133 extremos
379 3079 486 3133 Arabes
497 3078 615 3133 ditantis
628 3082 657 3133 et
669 3079 762 3146 Indos,

43 3160 162 3217 Ludicrs
173 3158 250 3230 quid,
261 3159 376 3230 plausus
387 3163 417 3213 et
428 3161 511 3215 amici
523 3159 595 3214 dens
606 3159 732 3227 Quiritis,

45 3242 104 3307 Quo
115 3239 271 3313 spectanda
281 3240 373 3309 modo,
385 3257 441 3311 quo
453 3258 538 3296 sensu
547 3240 638 3295 credis
651 3242 680 3293 et
692 3256 738 3294 ore
749 3238 759 3291 l

44 3323 95 3389 Qui
106 3323 195 3378 timet
205 3321 252 3378 his
263 3321 377 3377 adverse
388 3322 445 3377 fere
456 3323 575 3377 miretur
585 3320 684 3375 ecdem

491 3416 510 3456 ι·
