2342 3850
338 289 514 337 CARMINUII
523 289 569 339 ΙΙΙ
581 292 617 347 17,
633 291 668 337 18.

462 683 558 739 XVII.

202 849 278 902 Anm
289 850 406 903 vetusto
417 845 520 902 nobilis
531 847 568 901 ab
580 847 674 916 Lamo,

204 931 333 1003 (Quando
342 935 373 986 et
383 931 491 1002 priores
502 931 569 985 hinc
580 931 690 986 lamias
702 931 797 987 femma

237 1013 441 1068 Denominatos
453 1015 483 1066 ei
495 1017 633 1083 nepotum

273 1093 327 1148 Per
338 1110 477 1147 memores
488 1110 576 1164 genus
589 1109 670 1147 omne
682 1093 777 1160 fastos,

203 1175 328 1229 Auctore
340 1174 377 1228 ab
389 1174 436 1228 iIlo
448 1175 529 1228 ducis
541 1174 678 1244 originem

202 1255 258 1323 Qui
268 1255 446 1309 Formiarum
458 1255 568 1309 moenia
580 1255 685 1309 dicitur

238 1336 373 1406 Princeps
384 1338 414 1390 ei
426 1335 570 1389 innantem
582 1335 701 1389 Maricae

276 1418 434 1473 Liitoribus
445 1419 570 1473 tenuisse
583 1416 672 1472 Lirim

204 1504 273 1558 Late
284 1498 433 1574 tyrannus)
446 1519 507 1556 cras
518 1502 593 1556 foliis
604 1519 704 1556 nemus

203 1586 302 1640 Multis
313 1588 344 1639 ei
355 1585 416 1655 alga
427 1585 496 1639 liius
507 1585 602 1639 inutili

239 1666 368 1721 Demissa
379 1669 533 1737 tempestas
544 1665 580 1719 ab
592 1665 667 1719 Euro

274 1747 394 1814 Sternet,
405 1764 492 1816 aquae
503 1747 558 1800 nisi
570 1745 642 1800 fallit
655 1763 743 1816 augur

202 1828 316 1881 Annosa
327 1827 430 1881 cornix.
466 1827 542 1881 Dum
554 1828 631 1898 potis
643 1826 753 1880 aridum

205 1909 347 1981 Oompone
358 1909 478 1981 lignum:
497 1928 558 1965 cras
570 1911 692 1965 Genium
705 1926 781 1964 mero

237 1991 355 2047 (Iurabis
366 1996 396 2047 et
407 2009 491 2062 porco
503 1992 633 2046 bimestri

274 2073 348 2128 Cum
359 2074 472 2128 famulis
484 2091 601 2144 operum
613 2072 720 2127 solutis.

460 2438 570 2494 XVIII.

203 2604 315 2671 Fauno,
328 2604 524 2675 Nympharum
535 2603 693 2673 fugientum
704 2606 811 2658 amator

204 2685 257 2739 Per
268 2703 345 2739 meos
357 2685 427 2739 fines
439 2688 468 2738 ei
479 2685 573 2755 aprica
584 2702 650 2738 rura

204 2766 289 2820 Lenis
300 2767 411 2819 incedas
423 2766 560 2835 abeasque
572 2765 666 2836 parvis

239 2848 356 2917 Aequus
368 2846 495 2914 alumnis,

203 2928 237 2981 Si
247 2931 329 2982 tener
340 2928 423 2998 pleno
435 2928 510 2982 cadit
521 2927 627 2982 haedus
640 2944 719 2994 anno,

205 3006 293 3078 larga
304 3026 355 3062 nec
367 3009 470 3062 desunt
481 3008 599 3063 Veneris
611 3008 699 3062 sodali

204 3088 280 3143 Vina
291 3092 421 3145 craterae.
455 3089 547 3143 Vetus
557 3106 605 3143 are
617 3089 707 3143 mulio

239 3172 344 3226 Fumat
356 3174 447 3241 odore,

205 3252 293 3309 Ludii
305 3253 424 3307 herboso
436 3271 521 3324 pecus
534 3270 615 3307 omne
629 3266 734 3321 campo,

205 3332 280 3389 eum
291 3334 346 3389 tibi
357 3334 454 3388 Nonae
466 3334 585 3389 redeunt
596 3330 779 3396 Decembrem
