2342 3850
222 307 267 358 171
548 307 685 354 uounru
699 307 812 355 mucel

221 435 307 490 Putet
317 451 384 506 sper
394 435 583 506 rhombusque
594 453 700 504 recens,
711 436 785 491 mala
797 437 876 508 copia
888 437 999 508 quando

221 517 345 587 Aegrum
355 516 487 570 sollicitat
498 517 683 584 stomachum,
695 533 761 570 cum
772 518 869 588 rapula
881 519 983 588 plenus

222 598 317 667 Atque
328 596 419 651 acidas
430 596 538 650 mavult
548 597 647 651 inulas.
682 596 810 652 Necdum
822 599 914 653 omnis
926 599 1025 654 abacta

222 677 373 748 Paupertas
385 677 476 748 epulis
487 693 585 747 regum
595 696 604 742 ;
622 694 688 731 nam
700 677 804 731 vilibus
817 679 878 733 ovis

223 760 372 830 Nigrisque
384 763 428 814 est
440 760 508 814 oleis
520 759 602 814 hodio
613 761 697 814 locus.
733 760 816 816 Haud
828 762 869 817 ita
880 762 989 833 pridem

224 839 334 896 Galloni
345 840 490 911 praeconis
502 843 562 894 erat
574 841 734 910 acipensere
746 858 843 896 mensa

225 922 350 978 Infamia.
385 920 467 989 Quid,
480 924 548 975 tunc
560 921 693 975 rhombos
705 921 800 976 minus
812 938 932 993 aequora
943 921 1078 978 alebanti

224 1003 317 1058 'Putus
328 1005 389 1057 erat
400 1003 536 1059 rhombus
546 1005 667 1073 tutoque
680 1003 785 1057 ciconia
797 1003 864 1058 nido

225 1084 321 1140 Donec
332 1101 383 1138 vos
394 1087 491 1138 auctor
501 1083 597 1138 docuit
609 1083 773 1154 praetorius.
808 1083 882 1154 Ergo
1100 1087 1131 1136 50

225 1165 256 1220 si
268 1166 331 1236 quis
343 1182 419 1220 nunc
429 1181 539 1235 mergos
550 1181 650 1218 suaves
663 1163 782 1219 edixerit
793 1181 877 1233 assos,

225 1246 338 1302 Parebit
349 1246 427 1316 pravi
439 1245 538 1300 docilis
548 1244 674 1299 Romana
682 1244 825 1314 juventus

225 1326 359 1382 Sordidus
370 1344 387 1381 a
398 1327 478 1381 tenui
489 1326 570 1381 victu
583 1325 712 1393 distabit,
725 1325 815 1380 Ofella

225 1408 340 1474 Judice;
358 1424 424 1462 nam
435 1409 541 1462 frustra
551 1407 655 1461 vitium
667 1405 801 1460 vitaveris
812 1403 882 1459 illud

226 1488 257 1544 si
268 1493 298 1544 te
311 1489 366 1544 alio
377 1505 495 1559 pravum
506 1487 669 1543 detorseris.
704 1485 867 1553 Avidienus,

227 1570 282 1626 0111
293 1570 378 1626 Oanis
388 1587 424 1624 ex
435 1586 501 1624 vero
513 1569 622 1623 dictum
634 1584 787 1638 cognomen
799 1566 939 1636 adhaeret,

227 1651 425 1721 Quinquennes
436 1650 511 1704 oleas
523 1651 568 1703 est
580 1651 611 1702 et
622 1647 763 1702 silvestria
776 1664 867 1716 coma,

225 1732 270 1787 Ac
280 1732 335 1786 nisi
346 1734 489 1786 mutatum
501 1729 593 1800 parcit
605 1729 757 1784 defundere
769 1729 877 1798 vinum,
889 1731 919 1784 et

227 1810 315 1883 Cujus
326 1811 440 1867 odorem
451 1811 505 1865 olei
517 1826 640 1880 nequeas
651 1809 780 1880 perferre,
789 1809 886 1866 licebit

228 1892 280 1948 ille
291 1892 400 1963 repotia
411 1891 517 1947 natales
529 1891 633 1947 aliosve
645 1889 756 1946 dierum
1105 1891 1135 1942 60

227 1974 328 2030 Festos
339 1973 450 2028 albatus
462 1972 593 2041 celebret,
606 1988 693 2027 cornu
705 1972 766 2042 ipse
778 1970 876 2026 bilibri

226 2053 360 2109 Oaulibus
372 2052 502 2121 instillat,
513 2052 618 2107 veteris
630 2068 686 2105 non
698 2068 799 2122 parcus
811 2049 891 2105 aceti.

226 2134 309 2202 Quali
319 2134 407 2205 igitur
416 2134 495 2187 victu
505 2134 617 2203 sapiens
628 2133 732 2198 utetur,
745 2135 774 2185 et
786 2131 888 2185 horum

227 2214 334 2269 Utrum
344 2212 520 2268 imitabitur?
556 2214 618 2267 Hac
629 2216 711 2281 urget
721 2212 814 2282 lupus,
826 2211 880 2266 hac
891 2209 977 2280 canis,
989 2210 1084 2267 aiunt.

227 2294 352 2350 Mundus
364 2297 419 2351 erit
431 2313 487 2366 qua
497 2312 554 2350 non
566 2294 690 2350 offendat
702 2294 841 2363 sordibus,
853 2298 939 2364 atque

229 2378 265 2433 In
276 2381 407 2432 neutram
418 2380 529 2446 partem
540 2376 636 2431 cultus
647 2376 740 2431 miser.
777 2375 833 2429 Hic
845 2392 936 2445 neque
947 2375 1047 2442 servis,

228 2458 330 2513 Albuti
341 2458 417 2512 senis
429 2457 565 2527 exemplo,
577 2457 647 2511 dum
658 2456 756 2510 munia
768 2455 842 2510 didit

229 2541 335 2595 Saevus
346 2540 416 2606 erit;
433 2556 486 2594 nec
496 2539 538 2593 sic
549 2541 584 2592 ut
596 2537 716 2608 simplex
728 2537 853 2592 Naevius
864 2539 981 2591 unctam
1150 2584 1151 2589 ,

228 2620 363 2677 Convivis
374 2619 519 2690 praebebit
530 2635 632 2689 aquam
638 2638 646 2683 ;
664 2617 833 2695 vitiumhoc
844 2633 955 2687 quoque
968 2633 1114 2688 magnum.
1150 2622 1151 2679 1

229 2702 334 2773 Accipe
346 2718 420 2755 nunc
430 2700 524 2754 victus
535 2700 630 2753 tenuis
642 2714 714 2769 quae
726 2702 885 2769 quantaque
897 2714 994 2751 secum
1109 2700 1140 2753 70

229 2783 347 2837 Afferat
383 2780 528 2851 Imprimis
540 2780 632 2835 valeas
643 2779 730 2834 bene:
747 2795 814 2833 nam
826 2778 918 2833 variae
931 2794 977 2833 res

230 2864 274 2920 Ut
285 2866 403 2919 noceant
416 2862 525 2916 homini
538 2861 634 2916 credas
647 2878 755 2915 memor
766 2860 842 2914 iliius
853 2876 931 2913 escae

230 2945 308 3012 Quae
320 2943 439 3013 simplex
451 2941 518 2996 olim
530 2941 584 2996 tibi
597 2941 713 3007 sederit;
732 2943 763 2995 at
774 2940 860 2995 simul
871 2939 941 2995 assis

230 3024 379 3080 Miscueris
391 3023 473 3091 elixa,
484 3022 572 3077 simul
582 3021 727 3093 conchylia
737 3021 837 3089 turdis,

230 3105 331 3160 Dulcia
341 3122 372 3159 se
383 3104 414 3157 in
426 3103 513 3158 bilem
524 3106 638 3157 vertent
650 3102 852 3171 stomachoque
863 3099 1021 3155 tumultum

230 3186 321 3239 Lenta
331 3184 405 3239 feret
416 3184 530 3255 pituita
565 3183 655 3237 Vides
666 3186 701 3237 ut
711 3182 834 3253 pallidus
846 3181 938 3235 omnis

230 3265 324 3319 coena
334 3264 465 3334 desurgat
476 3263 581 3318 dubia‘i
618 3264 693 3331 Quin
705 3280 806 3333 corpus
818 3264 951 3318 onustum

231 3343 380 3399 Hesternis
390 3344 470 3397 vitiis
482 3344 611 3399 animum
622 3360 734 3415 quoque
746 3345 913 3414 praegravat
924 3360 989 3411 una,
