2342 3850
201 249 246 297 238
523 249 659 298 nouam
672 249 785 298 mom

202 376 247 431 Ire
259 376 357 431 domos
368 377 483 448 impune
495 377 600 432 minax.
635 377 887 434 Dcluerecmentc
1061 390 1119 440 150

200 457 293 512 Dente
304 457 441 523 lacessiti3
457 458 514 512 fuit
525 457 642 513 intactis
652 475 763 528 quoque
775 477 842 514 cura

202 539 370 595 Conditionc
381 558 467 612 super
477 541 635 606 communi;
652 543 722 611 quin
733 542 820 596 etiam
830 543 877 597 lex

201 620 346 691 Poenaque
357 621 415 675 lata
426 621 499 674 malo
511 637 583 690 quse
594 623 683 676 nollet
694 623 816 676 carmine
829 640 1000 694 quemquam

200 700 329 756 Describi
335 721 343 768 ;
361 703 469 754 vertere
480 701 604 770 modum,
615 702 762 756 formidine
772 703 858 757 fustis

200 781 247 836 Ad
258 781 329 836 bene
341 780 490 836 dicendum
502 779 752 851 delectandumque
763 782 876 836 redacti

201 861 315 916 Graecia
327 865 409 932 capta
420 863 511 916 ferum
522 861 657 916 victorem
669 862 745 934 cepit
756 867 786 916 et
797 868 873 918 artes

201 943 305 998 Intulit
316 943 420 1012 agresti
433 943 527 1009 Lati03
545 943 585 998 sic
597 944 728 998 horridus
739 945 787 998 ille

200 1022 326 1078 Defluxit
337 1041 471 1078 numerus
484 1023 632 1078 Saturnius
645 1028 674 1078 et
685 1043 768 1094 grave
779 1026 857 1080 virus

199 1103 354 1158 Munditiae
366 1104 498 1174 pepulere
504 1123 511 1169 ;
524 1104 574 1158 sed
585 1105 617 1158 in
627 1105 740 1174 longum
752 1109 848 1160 tamen
859 1124 959 1162 aevum

199 1183 362 1239 Mensorunt
374 1185 511 1254 hodieque
522 1189 638 1240 manent
649 1186 767 1256 vestigia
778 1186 860 1241 naris.
1056 1197 1114 1248 160

200 1264 284 1320 Serus
295 1267 371 1320 enim
383 1265 495 1320 Graecis
507 1266 631 1320 admovit
643 1267 771 1320 acumina
783 1267 896 1336 chartis,

199 1345 238 1400 Et
249 1351 314 1418 post
325 1347 429 1401 Punica
440 1345 511 1400 bella
523 1347 637 1415 quietus
648 1363 780 1416 quaerere
792 1349 884 1418 coepit

200 1427 274 1493 Quid
286 1427 435 1498 Sophocles
447 1430 477 1481 et
488 1426 606 1496 'lbespis
618 1431 648 1480 et
659 1428 816 1498 Aeschylus
827 1430 897 1483 utile
908 1429 1022 1487 ferrent

197 1507 328 1562 Tentavit
340 1497 450 1578 quoque
462 1525 529 1575 rem,
542 1508 568 1562 si
580 1507 663 1577 digne
674 1512 784 1563 vertere
796 1514 902 1579 posset,

198 1588 236 1641 Et
247 1590 353 1659 placuit
365 1589 427 1657 sibi,
439 1592 541 1642 nutura
552 1589 683 1642 sublimis
695 1592 724 1642 et
736 1606 812 1655 acer;

198 1668 272 1722 Nam
284 1671 373 1740 spirat
384 1670 522 1740 tragicum
534 1669 603 1723 satis
615 1672 644 1722 et
655 1669 774 1724 feliciter
785 1670 877 1739 audet,

197 1748 253 1803 Sed
263 1753 375 1820 turpem
388 1753 470 1821 putat
481 1750 581 1804 inscite
594 1751 753 1820 metuitque
765 1751 886 1806 lituram.

198 1829 328 1884 Creditur
339 1849 373 1884 ex
385 1831 477 1884 medio
488 1831 554 1901 quia
565 1848 611 1884 res
622 1831 738 1884 arcessit
748 1830 850 1885 habere

197 1914 312 1969 Sudoris
323 1915 481 1982 minimum,
493 1913 543 1968 sed
554 1913 640 1968 habet
653 1913 794 1968 comoedia
805 1917 887 1968 tanto

195 1995 262 2050 Plus
273 1997 364 2050 oneris
376 1998 481 2066 quanto
491 1995 589 2049 veniae
600 1996 700 2048 minus.
735 1995 866 2065 Adspice,
879 1995 994 2051 Plautus
1053 2002 1111 2056 170

196 2074 258 2142 Quo
268 2080 352 2146 pacto
363 2079 458 2147 partes
469 2078 581 2129 tutetur
592 2076 713 2129 amantis
725 2075 835 2145 ephebi,

195 2155 238 2211 Ut
248 2156 337 2225 patris
349 2157 459 2223 attenti,
470 2155 579 2209 lenonis
590 2158 624 2208 ut
635 2155 763 2209 insidiosi
774 2176 781 2222 ;

194 2236 323 2303 Quantus
334 2238 373 2291 sit
385 2237 548 2290 Dossennus
561 2235 692 2290 edacibus
704 2236 736 2289 in
746 2237 885 2306 parasitis,

194 2316 285 2384 Quam
296 2336 352 2372 non
364 2318 498 2373 adstricto
510 2322 655 2389 percurrat
666 2319 777 2389 pulpita
788 2337 868 2374 socco
879 2340 887 2386 ;

194 2399 287 2455 Gestit
299 2400 374 2453 enim
385 2418 535 2453 nummum
546 2400 577 2453 in
589 2400 694 2453 loculos
706 2400 862 2470 demittere,
873 2404 938 2471 post
950 2400 1003 2455 hoc

193 2479 312 2534 Securus
324 2478 403 2533 cadat
415 2498 450 2533 an
463 2484 539 2534 recto
551 2482 610 2534 stet
622 2480 716 2534 fabula
726 2481 790 2534 talo.

193 2560 283 2629 Quem
294 2561 362 2614 tulit
374 2560 409 2614 ad
421 2578 533 2614 scenam
544 2563 662 2615 ventoso
675 2561 768 2615 Gloria
779 2578 862 2615 curru

191 2642 341 2696 Exanimat
352 2641 447 2695 lentus
459 2643 608 2710 spectator,
621 2641 733 2695 sedulus
744 2642 838 2696 inflat:

192 2722 238 2777 Sic
249 2722 318 2790 leve,
330 2722 372 2776 sic
383 2738 502 2791 parvum
514 2724 565 2789 est,
578 2722 705 2775 animum
717 2722 792 2791 quod
803 2720 894 2776 laudis
905 2738 1022 2776 avarum

191 2804 308 2858 Subruit
319 2805 369 2857 aut
379 2802 476 2855 reficit.
510 2802 610 2857 Valeat
621 2820 666 2856 res
678 2802 784 2857 ludicra
795 2804 820 2857 si
831 2820 878 2857 me
1050 2810 1110 2859 180

190 2884 284 2937 Palma
296 2886 541 2952 negatamacrum,
553 2881 655 2935 donata
667 2882 777 2936 reducit
788 2883 921 2953 opimum.

190 2964 276 3035 Saepe
288 2964 373 3017 etiam
384 2962 516 3018 audacem
528 2963 606 3031 fugat
618 2964 671 3016 hoc
682 2966 825 3032 terretque
837 2967 959 3033 poetam,

189 3043 270 3109 Quod
281 3061 396 3097 numero
408 3044 511 3114 plures,
523 3043 632 3097 virtute
644 3045 789 3098 ethonore
801 3044 934 3115 minores,

188 3123 299 3176 Indocti
311 3114 470 3193 stolidique,
484 3126 513 3176 et
525 3122 684 3193 depugnare
696 3125 788 3194 parati

188 3200 217 3253 Si
230 3200 369 3255 discordet
382 3220 474 3272 eques,
487 3202 580 3256 media
593 3204 669 3257 inter
680 3204 804 3257 carmina
814 3207 936 3274 poscunt

186 3280 246 3330 Aut
257 3295 354 3333 ursum
366 3284 415 3335 aut
426 3282 550 3353 pugiles;
569 3282 615 3337 his
626 3300 693 3337 nam
703 3284 848 3355 plebecula
860 3284 978 3357 plaudit

897 3502 912 3532 1
