2342 3850
558 297 693 345 ΗΟΕΔΤΙῙ
708 297 821 347 susem

374 433 540 506 Quicunque
552 436 642 490 eahae
653 436 753 491 nidum
765 437 952 494 Acherontiae

407 515 556 587 Saltusque
568 515 704 572 Bantinos
716 521 745 572 et
757 535 856 573 arvum

463 597 567 667 Pingue
578 601 678 652 tenent
690 597 804 653 humilis
815 599 936 669 Forenti,

371 681 415 738 Ut
426 682 491 734 tuto
503 678 539 732 ab
550 677 622 732 atris
633 695 747 748 oorpore
759 681 865 752 viperis

371 761 530 817 Dormirem
542 761 572 813 et
583 758 664 826 ursis,
676 762 710 812 ut
721 777 862 829 premerer
873 777 950 818 saera

406 843 551 910 lauroque
564 839 718 909 collataque
730 845 833 911 myrto,

443 921 508 976 Non
519 919 634 974 sinodis
646 921 789 975 animosus
801 922 902 977 infans.

370 1006 479 1068 Vester,
493 1001 639 1066 Camenae,
652 1004 746 1055 vester
757 1001 787 1056 in
799 1003 899 1056 arduos

371 1085 464 1142 Tollor
475 1082 601 1148 Sabinos,
613 1098 663 1135 seu
675 1081 745 1135 mihi
757 1082 889 1154 frigidum
922 1119 924 1124 ·

405 1165 554 1220 Praeneste
565 1179 617 1216 seu
629 1161 717 1216 Tibur
728 1164 862 1233 supinum

441 1246 497 1300 Seu
507 1243 629 1314 liquidae
641 1243 769 1313 placuere
782 1244 871 1300 Baiae.

370 1326 481 1382 Vestris
492 1325 614 1379 amicum
627 1323 752 1380 fontibus
764 1329 794 1380 et
807 1326 897 1380 choris

367 1407 432 1462 Non
443 1423 489 1460 me
500 1404 639 1474 Philippis
650 1420 732 1459 versa
744 1406 816 1460 acies
828 1410 910 1474 retro,

400 1487 510 1542 Devota
520 1502 578 1538 non
591 1484 727 1539 exstinxit
738 1486 826 1554 arbos,

438 1567 498 1621 Nee
510 1565 602 1621 Sioula
614 1565 762 1620 Palinurus
773 1565 854 1620 unda

365 1647 515 1717 Utcumque
527 1663 639 1700 meeum
650 1663 700 1700 vos
712 1646 799 1713 eritis,
811 1646 902 1701 libens

368 1729 560 1786 Insanientem
571 1727 669 1780 navita
681 1726 837 1797 Bosporum

402 1808 528 1865 Tentabo
541 1810 570 1861 et
581 1810 696 1861 mentes
708 1824 806 1862 arenas

439 1888 557 1944 Litteris
569 1888 680 1960 Assyrii
693 1888 800 1955 viator3

368 1971 468 2027 Visam
479 1970 627 2023 Britannos
639 1969 798 2039 hospitibus
810 1968 884 2024 ieros

367 2053 406 2107 Et
417 2052 523 2105 laetum
535 2050 636 2118 equino
648 2049 781 2119 sanguine
793 2050 960 2117 Concanum,

403 2132 501 2187 Visam
513 2129 689 2199 pharetratos
703 2128 822 2183 Gelonos

438 2212 479 2266 Et
488 2210 652 2281 Scythicum
663 2209 812 2264 inviolatus
824 2226 940 2265 amnem

368 2290 428 2347 Vos
440 2292 586 2346 Caesarem
598 2290 696 2358 altum,
709 2290 811 2345 militia
823 2290 907 2345 simul

367 2374 467 2429 Fessus
478 2372 607 2427 oeho1tes
619 2370 727 2425 addidit
738 2370 857 2442 oppidis,

403 2454 498 2508 Finire
510 2455 692 2523 quaerentem
703 2451 811 2506 labores
850 2510 853 2514 ,

437 2534 528 2591 Pierio
540 2533 673 2588 recreatis
684 2536 773 2587 antro.

367 2616 426 2671 Vos
438 2615 499 2670 lene
511 2614 659 2668 eonsilium
671 2617 700 2667 et
712 2613 787 2668 datis
799 2617 828 2667 et
840 2613 906 2667 dato

368 2695 504 2751 Gaudetis
516 2694 611 2749 almae.
649 2693 765 2760 Scimus,
777 2697 811 2748 ut
822 2693 923 2763 impios

404 2777 522 2831 Titanas
533 2776 739 2845 immanemque
751 2778 874 2830 turmam

440 2856 570 2911 Fulmina
581 2857 728 2911 sustulerit
741 2856 850 2922 caduco,

369 2936 424 3005 Qui
435 2940 540 2990 terrum
551 2938 679 3004 inertem,
691 2938 740 3007 qui
752 2955 828 2993 mare
840 2939 981 3009 temperat

369 3018 534 3084 vennam,
546 3020 575 3070 et
588 3016 672 3071 urbes
685 3035 822 3088 regnaque
834 3019 928 3072 tristia

401 3099 543 3167 Divosque
554 3097 740 3167 mortalesque
752 3098 851 3153 turbae

437 3179 559 3249 Imperio
571 3178 643 3249 regit
654 3196 728 3232 unus
740 3196 836 3248 aequo.

365 3260 497 3331 Magnum
509 3259 557 3313 illa
567 3262 704 3312 terrorem
716 3258 850 3312 intulerat
861 3258 879 3313 J
881 3258 926 3312 ovi

363 3339 467 3395 Fidens
481 3340 617 3410 juventus
630 3337 742 3393 horrida
753 3338 881 3405 brachiis,
