2342 3850
352 283 528 334 ommuni
539 285 572 336 n
584 289 623 338 12.

185 416 252 471 Non
264 434 377 488 semper
387 417 464 480 idem
475 417 593 474 floribus
604 421 649 474 est
659 420 750 474 honor

184 499 288 554 Vernis
299 517 391 569 neque
402 517 460 554 uno
472 501 550 555 Luns
558 500 663 554 rubens
673 501 748 556 nitet

219 579 312 634 Vultu
323 599 329 634 ι
348 580 417 649 quid
429 581 549 635 aeternis
560 581 699 636 minorem

256 661 389 716 Consiliis
401 661 525 716 animum
538 661 661 732 fetigesl

186 740 243 796 Our
254 759 312 796 non
323 742 377 796 sub
389 741 446 796 alta
457 741 501 796 vel
513 742 627 814 pleteuo
639 743 685 796 vel
696 742 749 798 hee

184 821 257 876 Pinu
265 823 391 892 jacentes
403 821 444 876 sie
455 825 561 876 temere
574 827 605 877 et
616 839 680 877 rose

222 903 313 957 Oanos
325 902 435 957 odorati
448 893 571 973 (lapillos,

255 984 332 1039 Dum
345 983 418 1052 lieet,
430 983 603 1054 Assyriaque
614 985 702 1038 nardo

183 1065 319 1119 Petamus
330 1065 411 1119 uneti
423 1065 435 1120 l
469 1064 597 1136 Dissipat
607 1064 697 1120 Euius

186 1145 274 1200 Cures
287 1146 394 1200 edaces.
431 1145 501 1212 Quis
512 1162 584 1215 puer
596 1146 674 1199 ocius

220 1226 388 1296 Restinguet
399 1225 525 1279 ardentis
536 1225 647 1279 Falerni

253 1307 354 1361 Pocula
366 1310 564 1377 praetereunte
575 1305 711 1377 lymphnl

184 1387 254 1455 Quis
267 1386 382 1442 devium
393 1392 519 1441 scortum
533 1387 626 1442 eliciet
638 1386 721 1441 domo

186 1469 282 1539 Lyden
293 1469 303 1521 l
340 1467 454 1522 Eburns
465 1467 510 1521 die
522 1483 572 1538 nge
584 1484 649 1523 cum
659 1467 721 1538 lyrs

221 1549 344 1602 Maturet
356 1547 387 1602 in
399 1551 544 1618 eemptum
556 1547 694 1602 mesenae

254 1629 333 1684 More
345 1645 439 1684 eomes
450 1629 566 1698 religate
574 1629 689 1684 nodum.

467 2013 533 2068 XII.

184 2194 274 2251 Nonis
285 2195 369 2267 longe
380 2197 453 2251 ferse
465 2195 537 2251 belle
548 2194 726 2262 Numantiae,

10 2282 12 2293 ’
89 2336 93 2347 ¹
183 2274 244 2331 Nee
256 2276 350 2331 dirum
362 2276 556 2343 Hannibalem,
567 2293 620 2331 nee
632 2274 758 2329 Siculum
770 2291 846 2329 mere

185 2357 277 2413 Poeno
289 2374 463 2429 purpureum
474 2357 607 2427 sanguine
618 2355 750 2411 mollibus

221 2440 323 2510 Aptari
335 2440 458 2495 citharae
469 2440 579 2505 modis;

185 2521 244 2575 Nee
255 2539 353 2576 saevos
365 2522 499 2592 Lapithes
511 2525 540 2575 et
552 2522 672 2575 nimium
684 2538 760 2575 mero
804 2521 808 2529 '

186 2600 325 2671 Hylaeum
338 2601 516 2671 domitosque
529 2601 667 2656 Hercules
678 2618 779 2664 munu¹

185 2681 306 2737 Telluris
314 2682 439 2753 juvenes
451 2683 526 2737 unde
537 2683 694 2753 perieulum

221 2762 344 2833 Fulgene
354 2763 524 2817 eontremuit
536 2763 636 2818 domus

187 2844 301 2899 Saturni
312 2845 416 2899 veteris
428 2865 436 2910 ς
453 2848 541 2914 tuque
554 2843 732 2915 pedestribus

188 2923 271 2979 Dices
283 2925 409 2979 historiis
421 2925 526 2995 proelia
538 2924 670 2992 Caesaris,

186 3005 339 3071 Maecenas,
352 3005 453 3060 melius
465 3006 605 3075 ductaque
617 3022 668 3076 per
679 3004 738 3059 vies
773 3060 776 3066 ,

222 3084 330 3155 Regum
343 3086 413 3141 eolla
424 3086 583 3141 minacium

186 3166 233 3220 Me
245 3166 340 3221 deflues
352 3165 481 3221 dominae
493 3166 574 3222 Musa
587 3165 745 3235 Licymniae

187 3246 300 3314 Cantus,
313 3264 358 3301 me
372 3246 462 3301 voluit
475 3246 565 3301 dicere
577 3246 703 3300 lucidum
762 3285 766 3293 .

186 3327 337 3399 Fulgentes
349 3330 443 3385 oculos
456 3334 484 3384 et
496 3330 567 3384 bene
579 3328 688 3383 mutuis
