2342 3850
375 302 550 350 casnmtuu
566 303 587 351 1.
601 306 625 361 9,
635 305 673 352 lc.

494 611 543 667 IX.

207 760 299 816 ans
310 762 344 814 ut
356 759 414 814 alta
425 763 483 814 stet
495 759 559 814 nive
572 757 724 814 candidum

207 839 328 908 Soracte,
340 857 391 894 nec
399 840 459 910 jam
470 840 629 894 sustineant
640 856 712 893 onus

241 920 332 975 Silvae
343 920 500 976 laborantes
511 920 631 990 geluque

277 1001 406 1056 Flumina
417 1001 598 1056 constiterint
607 1004 698 1056 actito

206 1082 335 1138 Dissolve
347 1082 435 1153 fn'gus
446 1082 520 1152 ligna
531 1099 616 1152 super
626 1083 689 1136 foco

206 1162 294 1232 Larga
305 1179 449 1233 reponens,
461 1166 547 1232 atque
558 1161 705 1232 benignius

242 1242 382 1313 Deprome
394 1242 573 1312 quadrimum
585 1243 694 1309 Sabina

278 1325 303 1379 Ο
315 1323 486 1390 Thaliarche,
498 1338 609 1380 merum
621 1322 706 1376 diota

207 1404 343 1460 Permitte
354 1404 428 1458 divis
439 1407 538 1471 cetera,
549 1404 599 1473 qui
611 1404 696 1458 simul

208 1484 337 1540 Stravere
349 1488 449 1539 ventos
461 1501 580 1555 aequore
592 1484 699 1540 fervido

241 1565 454 1636 Deprcelisntes
465 1583 517 1620 nec
529 1565 654 1636 cupressi

277 1646 338 1701 Nec
349 1649 458 1701 veteres
470 1647 613 1716 agitentur
624 1646 693 1700 omi

206 1727 281 1794 Quid
293 1728 331 1781 sit
343 1727 470 1781 futiuum
482 1744 543 1781 cras
554 1727 618 1796 luge
631 1743 768 1795 quaerere,
780 1727 810 1778 et

208 1809 298 1876 Quem
310 1808 380 1863 Fors
392 1808 503 1862 dierum
515 1825 624 1878 cunque
637 1807 717 1862 dabit
728 1808 805 1860 lucro

241 1891 368 1961 Appona
380 1907 431 1945 nec
442 1887 537 1944 dulces
548 1905 657 1944 amores

278 1970 383 2041 Sperne
395 1988 466 2042 puer
476 1987 567 2040 neque
579 1974 614 2024 tu
626 1968 745 2036 choreas,

205 2052 303 2107 Donec
314 2051 419 2106 virenti
431 2052 547 2105 canities
558 2051 639 2105 abest

205 2133 323 2189 Morosa
358 2133 442 2189 Nunc
454 2137 483 2189 et
495 2150 610 2203 campus
622 2136 651 2187 et
663 2150 741 2187 areae

241 2214 384 2284 lenesque
396 2215 450 2269 sub
461 2218 573 2269 noctem
585 2214 694 2267 susurri

276 2294 440 2366 Composita
451 2297 616 2365 repetantur
627 2294 710 2360 hora3

202 2374 290 2429 Nunc
302 2379 332 2430 et
343 2376 458 2431 latentis
469 2375 598 2447 proditor
609 2374 711 2429 intimo

204 2456 310 2511 Gratus
322 2457 430 2528 puellae
442 2458 516 2512 risus
528 2457 563 2511 ab
576 2457 684 2527 angulo,

241 2538 399 2608 Pignusque
411 2539 560 2609 dereptum
571 2538 683 2591 lacertis

275 2619 336 2673 Aut
348 2618 437 2691 digito
449 2618 521 2675 male
533 2619 678 2691 pertinaci.

499 2966 534 3019 X„

209 3113 345 3169 Mnncum
357 3112 475 3167 facunde
487 3130 574 3184 nepos
586 3112 718 3180 Atlantis,

207 3194 263 3261 Qui
274 3195 348 3248 feros
361 3194 452 3248 cultus
464 3193 612 3247 hominum
624 3196 769 3246 recentum

208 3275 284 3331 Voce
297 3274 426 3329 formasti
439 3276 518 3329 catus
530 3277 560 3329 et
572 3274 688 3329 decorae

242 3356 320 3411 More
332 3356 493 3428 palaestrae,
