2342 3850
235 290 281 336 202
557 287 695 337 nomin
708 287 821 336 rosch

235 417 289 473 me
300 415 371 472 mibi
382 419 530 489 purgatum
541 417 639 472 crebro
649 418 698 488 qui
710 421 843 488 personet
854 433 969 474 eurem:

234 497 317 554 Solve
327 501 520 554 senescentem
530 500 642 554 mature
653 515 738 553 senus
749 517 862 572 equum,
874 516 910 554 ne

234 578 334 634 Peccet
344 577 381 633 ed
391 581 548 633 extremum
559 578 692 633 ridendus
704 583 734 634 et
744 580 792 634 ilie
803 579 895 634 ducet.

234 658 318 715 Nunc
327 659 576 730 stoqueetversus
587 662 618 714 et
629 663 720 716 cetere
732 660 836 716 ludicre
847 675 931 730 pono,
1106 663 1139 714 10

234 739 418 808 Quidverum
426 741 622 810 etquedecens
631 757 698 795 curo
707 743 736 795 et
744 759 810 812 rugo
819 744 849 796 ei
857 739 1051 797 omnisinhoc
1060 757 1124 796 sum
1134 759 1140 804 ;

234 816 334 874 (londo
343 822 375 873 et
384 835 520 890 compono
531 836 603 890 quse
614 837 680 874 mox
691 819 853 892 depromere
864 819 979 890 possim.

233 899 279 954 Ae
288 916 326 954 ne
334 897 409 955 forie
418 916 500 970 rogeo
509 916 566 970 quo
576 917 622 954 me
634 900 713 969 duce,
724 918 780 971 quo
791 901 848 956 lere
859 903 945 968 tuter,

232 979 348 1037 Nullius
358 980 488 1038 addictus
500 980 596 1051 jurare
606 981 637 1036 in
648 982 733 1036 verbe
744 982 872 1053 magistri

232 1061 297 1129 Quo
307 1078 355 1116 me
365 1078 476 1133 mnque
485 1062 562 1133 rapit
571 1065 728 1134 tempestas
739 1061 847 1118 deferor
858 1063 971 1136 hospes.

232 1141 318 1198 Nunc
327 1142 410 1214 ep'lis
418 1144 457 1198 fio
467 1146 499 1198 et
508 1159 615 1198 mereor
627 1143 755 1198 civilibus
767 1143 861 1212 undis,

233 1220 360 1280 vuinus
368 1240 451 1281 verce
462 1227 558 1280 custos
568 1224 730 1294 rigidusque
741 1225 853 1280 satelles
862 1244 870 1291 ;

232 1303 319 1362 Nunc
327 1306 359 1360 in
368 1304 511 1376 Aristippi
522 1305 624 1360 furtim
636 1308 785 1376 praecepte
795 1305 911 1374 relabor,

232 1383 273 1440 Et
282 1386 355 1442 mibi
365 1403 413 1441 res
421 1401 478 1442 non
490 1402 536 1440 me
546 1385 631 1441 rebus
642 1385 809 1456 subjungere
821 1403 914 1441 conor.

233 1465 278 1520 Ut
288 1483 346 1521 uox
353 1466 437 1536 longo
447 1465 551 1536 quibus
561 1467 701 1520 mentitur
711 1468 810 1536 amica,
822 1465 937 1537 diesque
1105 1468 1136 1518 20

233 1546 331 1618 longe
339 1546 453 1603 videtur
462 1564 534 1618 opus
545 1547 722 1618 debentibus,
734 1552 768 1603 ut
779 1549 857 1620 piger
868 1562 958 1604 onnus
1056 1583 1062 1588 -

233 1628 352 1702 Pupillis
362 1645 435 1700 quos
445 1628 516 1685 dure
525 1629 631 1699 premit
643 1627 769 1683 custodie
780 1632 902 1683 metrum
912 1646 921 1694 ;

233 1711 281 1766 Sic
290 1710 362 1767 mibi
371 1710 453 1765 terris
462 1709 555 1764 fluunt
565 1710 728 1780 ingmteque
740 1713 875 1780 tempore,
888 1725 958 1780 queo
969 1725 1053 1780 spem

233 1791 444 1862 Conmlimnque
453 1793 599 1846 morentur
609 1791 709 1861 agendi
719 1791 829 1845 naviter
839 1789 870 1845 id
881 1787 958 1860 quod

232 1873 333 1945 Aeque
342 1871 512 1945 pauperibus
522 1871 645 1943 prodest,
658 1870 843 1944 locupletibus
855 1887 950 1941 oeque,

233 1955 333 2024 Aeque
342 1954 500 2024 neglectum
511 1953 607 2024 pueris
618 1953 787 2023 senibusque
798 1951 920 2007 nocebit.

232 2034 334 2089 Reetet
342 2038 380 2089 ut
387 2033 436 2088 his
445 2051 497 2105 ego
506 2051 554 2090 me
564 2035 625 2105 ipse
636 2051 730 2104 regem
741 2033 868 2104 solerque
880 2032 1036 2088 elementis.
1152 2068 1153 2078 κ

233 2114 299 2169 Non
309 2115 404 2185 punis
413 2115 494 2169 oculo
505 2117 643 2185 quantum
655 2114 821 2169 contendere
833 2114 968 2185 Lynceus,

232 2194 299 2249 Non
309 2198 407 2249 temen
416 2194 520 2250 idcirco
530 2199 693 2249 contemnes
704 2196 798 2266 lippus
810 2195 924 2265 inungi3

230 2273 293 2328 Nec
302 2274 370 2345 quie
379 2274 511 2347 desperes
520 2276 619 2331 invicti
630 2275 756 2331 membre
767 2276 908 2347 Glyconis,

231 2354 345 2411 Nodose
354 2371 459 2427 oerpus
467 2357 540 2411 nolis
551 2356 698 2427 prohibere
710 2356 847 2427 cheragru

229 2434 284 2491 Est
294 2433 415 2506 quedem
426 2436 539 2507 prodire
550 2440 635 2492 tenus
647 2436 672 2491 si
683 2453 740 2491 non
751 2436 833 2491 detur
843 2436 926 2493 ultre

230 2514 334 2571 Fervet
345 2516 463 2571 eteritis
472 2517 629 2587 miseroque
641 2516 770 2587 cupidine
781 2520 890 2588 pectus,

231 2594 307 2651 Sunt
315 2596 403 2651 verbe
412 2599 443 2651 et
453 2614 536 2652 voces
547 2598 651 2667 quibus
663 2599 738 2653 hunc
748 2598 837 2653 lenire
849 2597 972 2652 dolorem

230 2677 326 2733 Poesis
336 2680 368 2732 et
376 2694 507 2749 megmm
518 2678 610 2733 morbi
622 2679 761 2750 deponere
772 2681 890 2750 portem.

230 2757 334 2814 Isudis
343 2774 439 2813 emore
448 2761 551 2827 tumes,
563 2762 634 2813 sunt
645 2763 721 2815 certe
732 2760 843 2831 piacula
854 2775 925 2831 quse
935 2760 966 2815 te

231 2838 289 2894 'l'er
297 2856 369 2910 pure
377 2838 452 2893 lecto
462 2842 597 2909 poterunt
608 2857 731 2917 recreare
741 2840 842 2895 libello.

231 2920 358 2988 Invidus,
367 2920 528 2990 iracundus,
539 2922 625 2990 iners,
636 2922 760 2990 vinosus,
771 2924 886 2989 ametor,

229 3000 323 3057 Nemo
332 3000 402 3057 edeo
410 3001 488 3056 ferus
494 3004 544 3056 eet
553 3004 589 3056 ut
600 3018 658 3056 non
669 3002 814 3056 mitescere
825 3001 925 3073 possit,

229 3080 260 3136 si
271 3081 357 3137 modo
366 3082 492 3138 culeum
502 3082 658 3153 potientem
669 3082 826 3137 commodet
838 3100 942 3137 eurem.

229 3161 332 3216 Virtus
341 3165 387 3216 est
397 3163 501 3217 vitium
511 3163 607 3231 fugere
619 3166 648 3217 et
659 3163 799 3234 sepientis
809 3163 901 3233 prima

228 3238 358 3294 Stultitia
369 3242 498 3295 ceruisee.
532 3242 619 3297 Vides
631 3260 702 3312 quae
713 3244 835 3297 maxime
846 3243 936 3298 credis

228 3316 297 3371 Fsse
308 3318 389 3387 ταὼ,
402 3321 533 3391 exiguum
544 3338 660 3377 censum
672 3327 841 3395 turpemque
851 3323 1000 3396 repulsum,
