2342 3850
527 297 661 346 sonam
673 299 785 348 mccl

647 632 697 687 VI.

365 794 492 863 Sanam,
504 795 597 850 Gades
608 795 718 852 aditure
730 814 840 853 meeum
852 802 882 853 et

364 874 537 931 Cantabrum
550 876 696 931 indoctum
705 877 772 950 juga
784 880 855 934 ferre
867 882 963 936 nostra
974 885 1004 936 et

363 955 497 1011 Barbarus
508 956 605 1028 Syrtes
616 958 667 1014 ubi
678 959 776 1014 Maura
786 977 896 1032 semper

398 1036 520 1092 Aestuat
531 1038 613 1106 unda

363 1115 453 1171 Tibur
464 1117 556 1188 Argeo
568 1118 695 1189 positum
707 1119 805 1174 oolono

364 1195 408 1250 Sit
419 1212 497 1250 meae
509 1196 589 1251 aedes
601 1198 713 1252 utinam
724 1202 859 1267 senectae,

363 1275 407 1330 Sit
418 1276 518 1331 modus
530 1277 603 1332 lasso
615 1279 700 1334 maris
711 1283 741 1334 ot
753 1279 862 1334 viarum

397 1355 574 1426 Militiaeque
586 1360 593 1412 l

362 1434 445 1491 Unde
456 1437 482 1492 si
494 1437 593 1492 Parcae
606 1439 757 1510 prohibent
769 1440 887 1512 iniquae,

361 1515 450 1571 Duloe
461 1517 567 1588 pellitis
579 1519 679 1573 ovibus
691 1519 799 1575 Galaesi

361 1595 480 1651 Flumen
492 1601 521 1652 et
532 1602 647 1669 regnata
658 1603 753 1671 petam
765 1599 867 1656 Iaooni

398 1676 473 1732 Rura
484 1679 647 1735 Phalantho.

362 1757 414 1813 Ille
425 1762 563 1814 terrarum
574 1760 646 1814 mihi
658 1765 770 1832 praeter
781 1778 878 1816 omnes

364 1837 491 1908 Angelus
503 1839 577 1894 ridet
588 1839 639 1894 ubi
650 1858 707 1895 non
718 1840 856 1913 Hymetto

364 1918 447 1974 Mella
458 1918 596 1975 decedunt
607 1921 745 1994 viridique
757 1926 848 1978 certat

400 1999 486 2055 Bm
496 2001 636 2071 Venafr03

365 2080 423 2135 Ver
433 2080 483 2135 ubi
494 2080 608 2153 longum
619 2083 783 2155 tepidasque
795 2083 909 2155 praebet

363 2159 497 2232 luppiter
507 2163 629 2231 brumas,
640 2168 671 2217 et
682 2165 788 2219 amicus
799 2165 894 2220 Aulon

363 2240 462 2297 Fertili
473 2243 582 2299 Baccho
593 2244 743 2299 minimum
753 2244 878 2299 Falernis

400 2322 513 2379 Invidet
524 2325 596 2379 uvis

364 2404 416 2459 Ille
427 2408 457 2461 te
469 2422 580 2461 meeum
591 2406 669 2461 loeus
681 2410 711 2461 et
722 2406 819 2462 beatae

364 2486 510 2541 Postulant
521 2504 617 2553 aroas3
634 2486 676 2541 ibi
687 2491 721 2542 tu
733 2488 869 2543 calentem

364 2566 468 2622 Debita
479 2585 592 2639 sparges
604 2568 718 2624 lacrima
729 2569 852 2625 favillam

399 2647 481 2703 Vatis
493 2649 583 2705 amioi

643 2939 710 2997 VII.

363 3102 387 3159 Ο
399 3117 488 3159 marn
499 3120 609 3159 meeum
619 3107 733 3174 tempus
744 3103 776 3157 in
785 3103 919 3159 ultimum

362 3183 496 3253 Deducta,
507 3184 596 3239 Bruto
606 3184 723 3238 militiae
735 3184 812 3253 duae,

400 3264 469 3332 Quis
479 3268 510 3320 te
521 3264 667 3320 redonavit
679 3264 820 3332 Quiritem

434 3344 486 3400 Dis
498 3344 600 3418 patriis
612 3344 738 3415 Italoque
751 3344 833 3413 caelo,
