2342 3850
384 311 571 362 mmm(
585 313 607 363 Ι.
622 316 645 363 t.

50 443 110 498 Ora
122 459 287 512 manusque
296 442 348 496 tue
357 441 485 510 iuvimus,
495 440 622 510 Feronia,
633 441 755 513 lympha

50 524 147 578 Millia
157 526 227 578 tum
239 523 335 594 pransi
346 523 400 576 trin
409 523 534 592 repimus
544 526 630 594 atque
641 523 770 578 subimus

50 604 235 675 Impositum
247 603 322 658 saxis
332 603 389 658 late
400 602 584 658 candentibus
595 604 702 658 Anxur.

50 685 124 739 Huc
134 688 278 742 venturus
289 687 350 738 eret
360 683 506 738 Maecenas
517 685 643 754 optimus
653 687 739 756 atque

51 765 205 832 Cocceius,
216 764 297 819 missi
307 765 415 834 magnis
426 764 462 820 de
474 763 560 819 rebus
571 767 690 834 uterque

50 847 167 918 legati,
179 863 293 900 aversos
303 844 378 900 soliti
389 862 554 916 componere
564 846 677 900 amicos

51 928 112 982 Hic
126 927 219 981 oculis
231 943 281 996 ogo
291 926 370 995 nigra
380 926 452 980 meis
462 925 577 996 collyria
587 925 682 997 lippus

51 1003 184 1063 Illincre.
221 1007 332 1062 Interea
341 1007 487 1062 Maecenas
498 1006 613 1061 advenit
624 1010 709 1077 atquc

53 1089 195 1144 Cococius
207 1087 361 1159 Capitoque
372 1087 458 1142 simul
469 1087 612 1156 Fonteius,
625 1087 661 1142 nd
672 1103 794 1158 unguem

52 1169 165 1224 Factus
176 1168 270 1237 homo,
281 1169 389 1223 Antoni
400 1185 457 1224 non
468 1171 503 1222 ut
514 1169 603 1238 magis
615 1168 686 1223 alter
697 1168 811 1224 amicus.

52 1249 174 1303 Fundos
186 1247 301 1304 Aufidio
312 1248 401 1302 Lusco
412 1251 539 1319 praetore
550 1248 673 1304 libenter

53 1329 236 1400 Linquimus,
247 1329 339 1384 insani
350 1329 473 1384 ridentes
484 1329 608 1400 praemia
619 1328 735 1397 scribae,

53 1410 238 1464 Praetorium
250 1412 280 1463 et
290 1409 380 1464 lutum
392 1409 502 1464 clavum
512 1427 673 1480 primaeque
685 1407 821 1464 betilium

54 1491 91 1545 In
102 1491 312 1545 Mamurrarum
322 1490 389 1544 lassi
400 1489 500 1545 deinde
511 1490 581 1546 urbe
593 1507 746 1558 manemus,

54 1571 177 1626 Murena
187 1571 338 1642 praebente
349 1571 474 1641 domum,
487 1571 623 1642 Capitone
636 1571 764 1626 culinum

54 1653 175 1708 Postera
186 1653 238 1706 lux
249 1653 339 1707 oritur
349 1653 441 1707 multo
452 1653 610 1724 gratissimo
621 1673 628 1718 ;
645 1668 766 1722 namque

55 1733 167 1788 Plotius
179 1737 211 1787 et
218 1733 322 1788 Varius
334 1733 483 1788 Sinuessae
491 1732 682 1803 Virgiliusque

55 1813 227 1883 Occurrunt,
240 1814 349 1868 mimae
359 1813 455 1884 quales
466 1830 557 1883 neque
569 1811 743 1868 candidiores

56 1895 144 1951 Terra
154 1896 226 1951 tulit
237 1912 328 1967 neque
340 1894 404 1965 quis
415 1912 461 1949 me
472 1894 512 1949 sit
523 1893 680 1949 devinctior
690 1893 769 1949 alter.

57 1978 82 2033 0
94 1979 147 2049 qui
159 1978 323 2048 oomplexus
334 1980 364 2032 et
375 1976 476 2046 gaudia
486 1980 592 2047 quanta
603 1977 718 2031 fuerunt
728 1979 734 2031 l

57 2058 108 2113 Nil
119 2078 171 2129 ego
181 2060 350 2113 contulerim
359 2058 483 2129 jucundo
495 2076 581 2113 sanus
593 2058 689 2111 amico.

56 2138 192 2194 Proxima
202 2139 345 2210 Campano
356 2140 437 2211 ponti
448 2156 519 2210 quue
530 2137 633 2204 villula,
644 2139 754 2191 tectum

57 2220 204 2288 Praebuit,
217 2223 248 2273 et
258 2220 371 2291 parochi
383 2237 454 2290 quae
465 2218 570 2273 debent
581 2218 657 2288 ligna
668 2216 817 2285 salemque

57 2299 134 2355 Hine
145 2300 219 2353 muli
231 2300 343 2371 Capuae
355 2300 471 2355 clitellas
481 2302 608 2371 tempore
620 2300 737 2370 ponunt.

57 2379 167 2435 Lusum
179 2380 207 2433 it
217 2380 371 2448 Maecenas,
383 2381 536 2436 dormitum
549 2398 599 2450 ego
611 2379 801 2449 virgiliusque
811 2395 819 2443 ς

57 2460 192 2532 Namque
204 2448 262 2532 pila
272 2462 356 2532 lippis
367 2462 514 2517 inimicum
525 2464 555 2515 et
566 2460 662 2516 ludere
674 2458 774 2515 crudis

57 2541 135 2595 Hinc
146 2560 202 2596 nos
215 2541 323 2596 Oooceii
333 2542 432 2613 recipit
443 2541 606 2612 plenissima
617 2540 683 2595 villa

58 2621 138 2689 Quae
149 2639 240 2692 super
251 2625 295 2676 est
307 2621 396 2677 Caudi
408 2639 555 2693 cauponas.
590 2620 674 2675 Nunc
685 2618 757 2675 mihi
768 2617 865 2689 paucis

59 2703 205 2759 Sarmenti
216 2721 326 2759 scurrae
338 2721 460 2774 pugnam
470 2703 611 2773 Messique
624 2700 751 2769 Cicirrhi‚

58 2783 150 2853 Musa,
163 2783 250 2839 velim
262 2801 409 2853 memores,
420 2787 451 2838 et
463 2801 521 2854 quo
533 2786 711 2855 patronatus
723 2783 842 2850 uterque

59 2867 223 2923 contulerit
234 2867 307 2922 lites.
341 2866 428 2923 Messi
439 2868 546 2923 clarum
557 2882 645 2937 genus
658 2864 722 2921 Osci
733 2884 741 2932 3

59 2950 205 3004 Sarmenti
216 2947 329 3003 domina
340 2952 449 3004 exstat:
467 2948 561 3005 abhis
576 2946 728 3017 majoribus
741 2942 796 3000 orti

58 3029 104 3083 Ad
115 3047 243 3101 pugnam
250 3046 363 3088 ,venera
396 3028 475 3084 Prior
486 3028 665 3085 Sarmentus:
685 3024 779 3095 “Eoui
790 3027 820 3079 te

58 3109 129 3164 Esse
139 3110 195 3163 feri
206 3110 329 3165 similem
339 3110 422 3164 dicc.”
462 3109 598 3164 Ridemus
610 3111 639 3163 et
650 3108 711 3179 ipse

59 3188 184 3244 Messius
197 3190 360 3261 “Accipio'’
374 3192 459 3261 caput
470 3192 500 3243 et
511 3192 614 3244 movet.
650 3190 667 3219 “
676 3188 708 3255 O,
721 3188 771 3239 tue
783 3198 869 3237 cornu

59 3268 98 3323 Ni
109 3270 188 3323 foret
200 3272 311 3325 exsecto
323 3270 425 3339 frons‚’'
437 3270 540 3340 inquit,
553 3268 650 3340 “quid
661 3268 774 3334 faceres,
787 3280 852 3319 cum

60 3349 105 3405 Sic
117 3350 242 3405 mutilus
252 3351 393 3407 miniteris
404 3350 432 3404 l.'’
467 3351 508 3405 At
519 3350 562 3405 illi
573 3349 654 3404 foeda
665 3346 779 3401 cicatrix
800 3360 804 3373 ·
