2342 3850
359 277 584 328 mmmmm
599 279 620 330 1.
635 283 672 330 18.

37 406 55 432 ‘⁴
66 401 194 456 Credite
205 419 263 456 non
273 404 356 471 ludo;
368 405 501 474 crudeles,
513 406 606 462 tollite
618 408 769 465 claudum.”

36 482 184 550 “Quaere
195 485 397 555 pereminumss'
408 487 512 542 vicinia
523 505 606 544 rauca
616 491 756 548 reclamet.

450 811 559 868 XVIIL

34 963 70 1016 SI
84 963 165 1017 bene
176 966 208 1016 te
219 964 286 1017 novi
297 967 416 1034 metues,
428 966 571 1022 liberrime
583 967 663 1037 Lolli,

34 1045 210 1101 Scurrantie
221 1046 344 1115 speciem
355 1047 487 1116 praebere
497 1047 640 1117 professus
652 1050 781 1104 amicum.

34 1125 82 1180 Ut
95 1130 233 1179 matrona
244 1127 384 1181 meretrici
396 1126 492 1198 dispar
502 1128 558 1182 erit
568 1131 654 1198 atque

34 1204 185 1273 Discolor,
197 1205 283 1259 infido
294 1223 405 1260 scurrae
416 1206 534 1262 distabit
545 1209 659 1264 amicus.

33 1287 93 1340 Fet
105 1286 178 1340 huic
191 1286 333 1341 diversum
345 1287 416 1341 vitio
426 1287 531 1342 vitium
542 1305 629 1360 prope
641 1291 740 1360 majus,

33 1369 197 1438 Asperitas
208 1369 326 1437 agrestis
338 1371 368 1422 et
379 1369 544 1424 inconcinna
555 1369 709 1440 gravisque,

34 1449 122 1515 Quae
135 1465 168 1502 se
182 1448 358 1502 commendat
369 1451 452 1503 tonsa
463 1452 535 1516 cute,
547 1449 680 1505 dentibus
691 1451 768 1518 atris,

33 1528 120 1583 Dum
133 1529 200 1582 vult
210 1528 327 1583 libertae
338 1529 392 1583 dici
403 1546 481 1584 mera
491 1547 613 1600 vereque
626 1530 726 1587 virtue.

33 1607 148 1662 Virtus
160 1609 207 1661 eet
217 1607 343 1663 medium
354 1610 491 1664 vitiorum
502 1615 532 1665 et
543 1612 677 1680 utrinque
689 1612 846 1668 reductum.

34 1688 171 1742 Alterin
184 1687 350 1758 obsequium
361 1691 426 1761 plue
438 1708 526 1762 aequo
536 1709 643 1762 pronus
656 1693 747 1748 etimi
922 1701 955 1748 10

34 1770 161 1824 Derisor
172 1770 239 1823 lecti
251 1771 292 1825 sic
304 1775 407 1826 nutum
418 1772 517 1827 divitis
528 1774 632 1843 horret,

35 1851 84 1905 Sic
96 1852 191 1904 iterat
202 1868 283 1906 voces
295 1855 325 1905 et
336 1853 421 1907 verba
432 1853 561 1908 cadentia
570 1854 657 1923 tollit,

35 1932 80 1986 Ut
91 1950 221 2003 puerum
234 1952 316 1988 saevo
328 1935 422 1990 credas
434 1935 538 1991 dietata
549 1937 684 2007 magistro

35 2012 173 2068 Reddere
185 2014 231 2068 vol
241 2019 337 2086 partes
348 2017 468 2070 mimum
479 2019 600 2073 tractare
612 2016 755 2073 secundae.

35 2094 126 2149 Alter
138 2094 249 2149 rixetur
260 2094 294 2149 de
306 2096 369 2150 lana
380 2114 463 2167 saepe
475 2098 596 2168 caprina,

35 2175 207 2246 Propugnat
221 2178 303 2245 nugis
315 2180 439 2232 armatus
449 2197 455 2233 :
474 2178 610 2233 “Scilicet
620 2182 655 2233 ut
666 2196 723 2234 non

35 2256 79 2311 Sit
92 2255 173 2311 mihi
184 2256 275 2325 prima
286 2257 363 2325 fides,
375 2261 405 2312 ot
415 2276 481 2313 vere
492 2259 569 2329 quod
580 2260 672 2330 placet
683 2262 717 2313 ut
728 2275 785 2313 non

35 2337 158 2392 Acriter
170 2336 301 2390 elatrem!
338 2338 463 2393 Pretium
475 2342 551 2393 actea
562 2340 649 2394 altera
661 2339 780 2394 sordet?

34 2417 210 2486 Ambigitur
221 2418 290 2487 quid
302 2419 377 2472 enim
387 2420 398 2473 l
435 2420 534 2475 Castor
545 2421 616 2475 aciat
627 2437 663 2475 au
675 2420 807 2475 Dolichos
820 2421 901 2491 plus;

34 2496 228 2553 Brundisium
239 2498 344 2553 Minuci
357 2500 458 2555 melius
469 2500 611 2555 vieducat
624 2501 755 2572 enAppi.
918 2506 952 2554 20

34 2580 135 2645 Quem
147 2576 284 2632 damnosa
295 2579 399 2648 Venus,
411 2598 496 2650 quem
508 2598 641 2652 praeceps
653 2581 711 2635 alea
722 2581 819 2649 nudat,

34 2660 138 2714 Gloria
149 2674 236 2727 quem
248 2676 333 2730 supra
345 2661 418 2714 vires
430 2664 460 2714 et
471 2662 560 2715 vestit
571 2664 602 2715 et
614 2661 702 2732 ungit,

33 2741 133 2807 Quem
145 2742 228 2792 tenet
238 2741 345 2808 argenti
358 2742 423 2795 sitia
435 2742 598 2811 importuna
608 2741 760 2811 famesque,

33 2823 134 2887 Quem
168 2820 326 2889 aupertatis
338 2820 429 2892 pudor
441 2824 471 2875 et
482 2822 554 2892 fuga,
567 2822 646 2876 dives
657 2821 763 2875 amicus

31 2901 128 2972 Saepe
141 2837 241 2954 decem
252 2901 331 2954 vitiis
343 2902 506 2957 instructior
518 2902 580 2956 odit
591 2905 621 2955 et
633 2902 729 2956 horret
739 2920 745 2954 z

31 2983 96 3037 Aut
109 2981 139 3034 si
151 2997 212 3034 non
224 2980 284 3034 odit
296 2982 374 3050 regit,
387 2999 419 3035 ao
431 2983 518 3037 veluti
530 2984 578 3053 pie
588 2985 679 3037 meter

31 3063 100 3118 Plus
114 3077 207 3132 quam
218 3078 249 3114 se
261 3079 357 3131 sapere
369 3065 399 3115 et
410 3062 564 3117 virtutibus
575 3079 637 3117 esse
648 3061 769 3133 priorem

31 3144 115 3211 Vult,
130 3146 162 3196 et
175 3142 217 3195 ait
229 3159 315 3212 prope
326 3160 407 3197 vera:
420 3142 524 3197 “Meae
538 3141 717 3214 (contendere
729 3140 797 3209 noli)

30 3223 200 3280 Stultitiem
214 3223 362 3291 patiuntur
374 3240 441 3293 opes
452 3243 459 3289 ;
471 3224 525 3277 tibi
537 3222 653 3294 parvule
663 3240 709 3276 res
721 3224 779 3275 est:

31 3306 108 3360 Arta
121 3302 207 3357 decet
220 3319 320 3356 eanum
333 3305 465 3358 comitem
477 3307 559 3373 toga;
571 3302 667 3357 desine
679 3318 790 3357 mecum
918 3306 952 3355 30
