2342 3850
578 323 714 372 nomm
729 321 845 372 nancel

400 452 490 520 Quam
502 453 528 506 si
539 452 674 507 clientum
686 452 767 523 longa
778 452 891 522 negotia

400 533 560 603 Dijudicata
571 533 621 587 lite
633 534 810 604 relinqueret,

435 614 564 669 Tendens
580 614 748 668 Venafranos
760 615 791 666 in
803 631 883 684 agros

397 717 399 722 ·
471 695 531 748 Aut
541 693 790 748 Lacedaemonium
801 693 962 748 Tarentum.

684 1041 737 1106 VL'

404 1217 531 1270 Dumom
543 1214 681 1284 majorum
694 1212 852 1268 immeritus
864 1213 931 1281 lues,

405 1296 536 1362 Romane,
549 1293 637 1348 donee
649 1294 756 1364 templa
768 1295 896 1348 refeceris

440 1376 588 1445 Aedesque
600 1374 725 1428 labentes
738 1375 854 1428 deorum
867 1377 896 1428 et

475 1456 567 1510 Foeda
578 1455 658 1525 nigro
670 1455 819 1509 simulacra
831 1455 917 1511 fumo,

405 1539 457 1592 Dis
468 1541 498 1591 te
511 1537 649 1590 minorem
662 1535 737 1605 quod
749 1536 822 1606 geris
834 1535 968 1606 imperas:

406 1619 481 1672 Hinc
492 1635 575 1671 omne
588 1617 766 1688 principium,
779 1616 835 1671 huc
847 1617 919 1671 refer
930 1618 1046 1672 exitum

442 1699 479 1752 Di
492 1698 582 1752 multa
594 1697 712 1768 neglecti
725 1697 862 1751 dederunt

478 1779 630 1849 Hesperiae
642 1778 715 1832 mala
726 1778 878 1832 luctuosae.

371 1917 373 1922 ,
406 1861 424 1914 J
426 1878 471 1914 am
482 1859 527 1914 bis
538 1859 684 1914 Monaeses
693 1862 726 1912 et
738 1859 834 1913 Pacori
845 1877 946 1914 manus

408 1942 472 1996 Non
484 1941 641 2011 auspicatos
654 1940 782 1994 contudit
794 1941 919 2011 impetus

442 2022 563 2076 Nostros
575 2025 605 2076 et
617 2021 750 2091 adjecisse
762 2021 895 2091 praedam

476 2101 635 2171 Torquibus
648 2102 754 2171 exiguis
766 2100 884 2155 renidet.
917 2108 919 2115 '
949 2128 950 2133 κ

408 2182 497 2235 Paene
509 2186 674 2252 occupatam
687 2181 872 2236 seditionibus

411 2266 523 2319 Delevit
536 2265 644 2319 Urbem
656 2265 749 2320 Dacus
761 2268 791 2318 et
803 2266 948 2337 Aethiops,

445 2345 500 2399 Hic
513 2347 599 2400 classe
612 2344 787 2414 formidatus,
801 2346 848 2400 ille

480 2426 634 2480 Missilibus
646 2426 745 2480 melior
756 2427 874 2497 sagittis.

409 2508 540 2563 Fecunda
551 2508 649 2580 culpae
661 2508 753 2562 secula
764 2508 878 2578 nuptias
1152 2510 1153 2572 l

409 2589 536 2644 Primum
547 2589 729 2659 inquinavere
741 2591 771 2641 et
783 2605 870 2658 genus
883 2590 912 2642 et
924 2587 1039 2655 domos;

447 2670 510 2724 Hoc
521 2670 600 2724 fonte
613 2670 737 2724 derivata
749 2668 840 2723 clades
1151 2646 1152 2740 l

483 2751 518 2804 In
530 2751 651 2821 patriam
664 2750 856 2821 populumque
868 2748 958 2803 fiuxit.
986 2800 992 2811 ,

413 2831 509 2885 Motus
522 2830 615 2885 doceri
627 2831 729 2901 gaudet
740 2831 849 2885 Ionicos

413 2912 525 2965 Matura
536 2912 613 2982 virgo
626 2916 655 2966 et
667 2911 783 2982 fingitur
793 2910 902 2965 artibus
911 2931 918 2977 ;

447 2992 466 3046 J
467 3010 512 3046 am
524 3010 599 3046 nunc
611 2997 641 3047 et
653 2994 774 3047 incestos
787 3009 895 3046 amores

484 3073 527 3126 De
538 3076 636 3127 tenero
648 3074 802 3127 meditatur
814 3073 915 3143 ungui:

412 3153 480 3207 Mox
490 3152 616 3222 juniores
628 3154 738 3224 quaerit
750 3153 892 3208 adulteros

414 3235 494 3288 Inter
505 3235 602 3288 mariti
614 3236 685 3301 vina,
698 3251 787 3304 neque
800 3234 879 3303 eligit

449 3314 500 3369 uui
513 3314 599 3368 donet
611 3314 787 3384 impermissa
799 3314 903 3383 raptim

486 3397 595 3451 Gaudia
607 3396 761 3451 luminibus
773 3397 906 3462 remotis;
