2342 3850
352 299 574 349 umerorum
588 299 610 350 1.
625 301 663 348 11.
914 302 959 352 217

12 372 13 401 i

56 431 195 486 Naturam
208 428 329 501 expelles
340 430 419 484 iturea
429 432 527 484 tumen
537 445 628 498 usque
640 431 772 496 recurret,

55 513 92 566 Et
102 513 178 567 mula
188 514 353 582 perrumpet
364 510 465 564 furtim
477 510 591 565 fastidia
601 509 712 564 victrix.

55 595 121 650 Non
132 594 185 664 qui
197 591 312 647 Sidonio
325 591 494 646 contendere
506 591 622 646 callidus
635 595 713 648 ostro

54 675 154 729 Nescit
164 674 336 743 Aquinatem
347 673 476 743 potentia
486 672 587 728 vellera
599 672 695 737 fucum

55 755 169 810 (lortius
181 753 301 824 accipiet
313 754 448 808 damnum
460 755 630 824 propiusque
642 752 781 823 medullis,

55 837 147 902 Quum
158 835 210 907 qui
221 851 280 890 non
291 835 398 906 poterit
410 852 476 889 vero
488 835 661 905 distinguere
673 835 783 890 falsum.

55 915 278 986 Quemreeplus
289 915 377 970 nimio
389 914 560 971 delectavere
572 915 717 984 secundae,
922 919 958 970 30

53 998 182 1052 Mutatae
194 996 332 1068 quatient.
366 996 396 1050 Si
409 997 479 1067 quid
490 996 627 1052 mirabere
640 1013 728 1067 pones

54 1078 180 1133 Invitus.
216 1077 294 1148 Fuge
306 1094 423 1148 magna:
442 1078 511 1132 licet
523 1077 577 1132 sub
589 1094 712 1148 paupere
724 1079 802 1132 teoto
837 1081 844 1090 ’

53 1158 145 1228 Reges
156 1161 188 1212 et
199 1175 297 1228 regum
307 1157 368 1212 vita
379 1174 559 1229 praecurrere
569 1158 681 1212 amicos.

54 1239 162 1294 Cervus
173 1255 279 1308 equum
289 1255 384 1308 pugna
395 1239 494 1293 melior
506 1238 706 1294 communibus
718 1237 816 1294 herbis

54 1319 186 1387 Pellebat,
197 1318 286 1374 donec
299 1319 392 1374 minor
404 1319 434 1372 in
446 1311 599 1374 certamine
611 1319 694 1390 longo

54 1400 225 1473 Imploravit
236 1416 304 1470 opes
315 1399 438 1454 hominis
449 1401 617 1472 frenumque
628 1399 736 1471 recepit
748 1419 757 1466 ;

53 1481 108 1536 Sed
118 1484 271 1552 postquam
281 1481 373 1536 victor
383 1481 490 1536 violens
502 1481 631 1536 discessit
642 1480 678 1536 ab
689 1481 773 1536 hoste

52 1562 119 1616 Non
132 1562 260 1632 equitem
272 1561 364 1630 dorso,
376 1578 434 1616 non
445 1562 556 1617 frenum
567 1561 677 1632 depulit
688 1579 744 1616 ore.

53 1643 99 1698 Sic
108 1644 161 1713 qui
172 1643 336 1714 pauperiem
347 1644 455 1698 veritus
467 1643 576 1714 potiore
587 1643 709 1698 metallis

12 1719 13 1724 ’
54 1724 198 1779 libertate
210 1727 292 1791 caret,
304 1724 452 1778 dominum
463 1724 543 1779 vehit
553 1724 700 1795 improbus
712 1725 796 1794 atque
919 1723 955 1775 40

53 1805 163 1859 Serviet
172 1809 326 1870 aeternum,
340 1806 406 1875 quia
417 1807 510 1876 parvo'
515 1805 621 1860 nesciet
632 1805 684 1860 uti.

53 1885 106 1940 Oui
117 1903 178 1941 non
189 1886 337 1941 conveniet
349 1903 400 1941 sue
411 1903 464 1955 ree,
476 1889 511 1942 ut
522 1885 630 1941 calceus
641 1886 716 1954 olim,

52 1968 81 2022 Si
91 1970 165 2039 pede
176 1968 267 2038 major
278 1969 333 2023 erit
344 1968 500 2035 subvertet,
512 1968 538 2023 ai
550 1968 643 2023 minor
654 1971 726 2023 uret

52 2048 155 2104 laetius
166 2052 243 2103 sorte
255 2052 306 2103 tua
318 2050 398 2103 vives
410 2049 560 2119 sapienter,
571 2048 672 2117 Aristi,

51 2128 78 2182 N
78 2147 109 2184 ec
120 2147 168 2184 me
179 2129 308 2184 dimittes
320 2130 518 2207 incuetigetum
529 2130 580 2185 ubi
591 2129 673 2200 plura

52 2211 155 2283 Cogere
165 2229 252 2280 quam
263 2211 333 2266 satis
344 2216 389 2267 eet
400 2229 432 2267 ec
443 2229 500 2266 non
512 2229 619 2267 cessare
631 2210 754 2267 videbor.

52 2290 176 2361 Imperat
187 2294 240 2345 aut
251 2292 340 2345 servit
351 2292 469 2346 collecta
478 2293 598 2362 pecunia
609 2292 717 2362 cuique,

50 2370 168 2426 Tortum
179 2371 263 2442 digna
274 2372 354 2443 sequi
365 2373 461 2443 potius
472 2390 556 2442 quam
568 2374 669 2429 ducere
680 2373 783 2432 finem
794 2375 801 2388 “

50 2451 126 2507 Haec
138 2453 195 2507 tibi
206 2453 345 2507 dictabam
357 2456 422 2524 post
432 2454 530 2508 fanum
541 2457 626 2525 putre
638 2453 777 2523 Vacunae,

50 2533 174 2606 Excepto
185 2534 263 2604 quod
273 2551 331 2590 non
342 2535 633 2591 simmesseecaetera
643 2534 740 2590 iaetus.
916 2538 952 2589 60

470 2865 522 2921 XI.

47 3002 124 3069 Qum
134 3003 191 3057 tibi
203 3003 265 3057 visa
276 3002 369 3073 chios,
381 3003 493 3073 Bullati,
505 3007 629 3075 nutuque
641 3004 755 3074 Lesbos,

47 3083 120 3150 Quid
132 3083 268 3139 concinna
280 3084 385 3153 Samos,
399 3085 467 3156 quid
479 3085 574 3140 Croesi
587 3086 662 3155 regie
674 3083 782 3152 Sardes,

47 3164 166 3235 Smyrna
177 3165 248 3234 quid
259 3168 289 3218 et
302 3164 466 3237 Colophon?
501 3166 607 3237 Majore
616 3166 757 3219 minorave
769 3164 849 3233 fama,

49 3243 193 3300 Oimctane
204 3261 272 3315 pree
284 3245 391 3317 Campo
404 3250 434 3300 et
445 3244 576 3301 Tiberino
588 3246 703 3301 flumine
714 3244 848 3301 sordenti

49 3325 91 3379 An
103 3326 184 3381 venit
195 3325 226 3380 iu
237 3329 337 3383 votum
348 3328 481 3383 Attalicis
492 3345 527 3383 ex
538 3328 656 3383 urbibus
667 3345 730 3395 una,
