2342 3850
205 299 250 346 ΜΘ
523 293 659 344 nouum
672 293 786 344 FLACCI

205 425 262 479 Seu
273 424 379 479 calidus
389 425 503 494 sanguis
513 441 563 478 seu
574 439 669 477 rerum
680 421 792 476 inscitia
803 425 886 476 verat

207 505 347 560 Indomita
358 505 463 560 corrice
474 505 556 572 feros,
566 504 727 573 ubicunque
738 503 862 556 locorum

207 586 323 655 Virilis,
333 584 440 655 indigni
450 585 607 638 fraternum
618 600 748 653 rumpere
759 583 866 651 foedus,

206 671 333 728 Pascitur
344 673 375 727 in
386 674 512 726 vestrum
523 669 646 726 reditum
658 671 753 725 votiva
759 670 886 740 juvenca.

638 939 687 996 iv.

208 1107 290 1175 Aust,
301 1109 461 1160 nostrorum
473 1121 634 1158 sermonum
643 1103 759 1158 candide
768 1103 863 1174 judex,

208 1188 284 1256 Quid
294 1205 369 1242 nunc
379 1190 410 1241 te
421 1187 511 1240 dicam
522 1185 611 1240 faoere
622 1185 653 1238 in
664 1185 775 1254 regione
786 1184 911 1239 Pedcnal

208 1270 334 1325 Scribere
348 1269 422 1340 quod
434 1269 512 1323 cossi
524 1267 682 1322 Parmensis
694 1267 827 1337 opuscula
838 1267 941 1335 vincet,

82 1394 94 1418 ,
209 1351 256 1406 An
266 1351 387 1405 tacitum
399 1350 484 1404 silvcs
496 1349 572 1403 inter
582 1351 691 1419 reptare
703 1347 835 1415 salubres,

209 1431 361 1486 (ituantem
373 1429 510 1500 quidquid
521 1429 637 1499 dignum
649 1429 775 1499 sapiente
786 1428 913 1497 bonoque
925 1429 989 1482 esti

209 1513 274 1569 Non
284 1517 319 1568 tu
330 1530 430 1583 corpus
441 1529 502 1566 eras
513 1512 574 1565 sinc
585 1513 705 1582 pectore.
740 1509 778 1564 Di
789 1511 843 1565 tibi
854 1510 980 1578 formam,

208 1596 247 1650 Di
258 1597 313 1650 tibi
324 1596 436 1650 divitias
448 1594 585 1648 dedenmt
597 1597 743 1664 artemque
753 1593 871 1649 fruendi.

210 1676 285 1743 Quid
296 1679 397 1731 voveat
408 1675 482 1730 dulci
493 1673 635 1729 nutricula
646 1674 737 1745 majus
749 1675 870 1743 alumno,

211 1759 267 1826 Qu
278 1776 375 1830 sapere
388 1761 418 1812 ct
429 1757 482 1812 fari
490 1757 581 1828 possit
594 1774 665 1827 quae
677 1757 790 1825 sentiat,
802 1760 831 1810 et
843 1757 888 1810 cui

210 1841 315 1909 Gratia,
326 1840 407 1908 fumo,
419 1838 549 1894 valetudo
562 1840 707 1917 contingat
715 1837 832 1906 abunde,
1081 1843 1116 1893 10

208 1919 248 1976 Ec
258 1920 380 1978 mundus
391 1921 484 1975 victus
495 1937 553 1975 non
565 1919 711 1977 deficiente
723 1937 854 1974 crumena
865 1919 876 1973 l

209 2004 290 2058 Inter
300 2020 380 2074 spem
392 2019 550 2072 curamque,
561 2002 677 2056 timores
688 2001 762 2055 inter
774 2004 804 2055 et
813 2000 877 2068 iras,

210 2085 330 2139 Omnem
341 2084 421 2139 crede
433 2084 508 2138 diem
518 2084 573 2138 trbi
585 2084 719 2137 diluxisse
730 2099 905 2152 supremum:

210 2163 297 2219 Grata
308 2164 485 2235 superveniet
497 2180 567 2234 quae
579 2182 636 2217 non
648 2162 806 2234 sperabitur
816 2162 889 2217 hora

210 2244 257 2298 Me
268 2245 402 2315 pinguem
414 2248 443 2298 et
454 2244 577 2299 nitidum
589 2244 659 2297 bene
671 2247 768 2297 curata
780 2246 845 2297 cute
855 2243 929 2296 vises

211 2326 284 2381 Oum
295 2326 385 2381 ridere
396 2328 473 2382 voles
484 2326 599 2397 Epicuri
611 2326 645 2379 de
656 2342 737 2395 grege
747 2342 871 2396 porcum.

608 2599 680 2683 vv.

212 2754 245 2808 S1
256 2756 336 2825 potes
348 2752 491 2807 Archiacis
504 2752 619 2807 conviva
631 2752 814 2807 recumbere]
861 2754 866 2765 '

212 2834 272 2889 Noc
283 2834 390 2889 modica
402 2851 515 2887 coenare
526 2834 612 2887 times
624 2834 686 2888 olus
698 2850 781 2887 omne
791 2834 902 2904 patella,

213 2915 350 2987 Supremo
361 2918 391 2969 te
403 2914 461 2968 sole
472 2914 556 2983 domi,
568 2915 717 2984 Torquate,
729 2915 855 2971 manebo.

213 2994 288 3051 Vina
298 2995 380 3050 bibes
390 2995 495 3048 iterum
507 2995 597 3048 Tauro
609 2994 710 3049 diffissa
722 2995 862 3065 palustres

213 3076 294 3129 Inter
304 3076 462 3129 Minturnas
474 3075 730 3145 Sinuessanumque
741 3076 894 3129 Petrinum.

213 3155 244 3210 si
255 3158 355 3211 melius
367 3156 435 3227 quid
445 3156 531 3211 habes
542 3174 650 3211 arcesse
658 3158 703 3211 vel
713 3157 862 3227 imperium
872 3158 922 3212 fer.

213 3236 232 3287 J
233 3236 384 3289 amdudum
393 3236 522 3306 splendet
533 3237 611 3290 focus
623 3240 652 3290 et
664 3237 719 3291 tibi
730 3236 835 3291 mundo
845 3238 977 3309 supellex.

214 3314 297 3367 Mitte
308 3316 383 3368 leves
394 3333 461 3385 spes
471 3319 501 3370 et
512 3318 664 3371 certamina
675 3316 835 3372 divitiorum
