2342 3850
223 309 268 356 2³4
543 309 678 358 HORATII
692 311 804 360 russel

222 435 271 490 Nil
281 437 419 491 oritunrm
429 437 505 503 alias,
516 437 558 491 nil
570 441 665 492 ortum
677 438 734 492 tale
746 439 874 492 fatentes.

222 515 277 570 sad
287 520 355 571 tuus
365 516 411 570 hic
422 517 548 588 populus,
560 518 672 587 sapiens
684 521 713 572 et
722 519 817 588 justus
830 519 860 572 in
872 536 936 586 uno,

221 595 261 650 'l'e
272 597 376 652 nostris
388 596 514 666 ducibus,
527 601 557 652 ta
570 597 661 652 Graiis
672 598 860 667 anteferendo,
1038 657 1047 672 ‚

222 678 508 749 Geicranequcquam
520 679 607 733 simili
618 680 725 734 ratione
737 677 876 749 modoque
1103 687 1142 736 ΞΟ

222 758 371 827 Aestimat,
384 763 413 812 et
424 760 480 814 nisi
492 777 563 830 quae
573 760 658 813 terris
670 763 778 813 semota
789 761 903 830 suisque

221 837 406 909 Temporibus
418 839 550 895 defimota
561 838 646 906 videt,
657 840 769 894 fastidit
781 844 810 894 at
822 841 898 906 odit;

220 919 268 972 Sic
278 918 371 973 fautor
381 924 510 974 veterum
521 923 554 973 ut
565 919 676 974 tabulas
689 937 802 991 paccare
814 923 944 975 vetantes

220 999 296 1067 Quas
308 999 354 1054 bis
365 1001 490 1070 quinque
502 1000 555 1054 viri
567 1005 729 1069 sauxanmt,
742 1002 853 1056 foedera
864 1019 963 1072 regum

220 1079 274 1135 Vel
285 1079 381 1135 Gabiis
393 1082 437 1135 val
449 1098 514 1134 cum
526 1080 624 1150 rigidis
637 1085 754 1151 aequata
766 1082 883 1149 Sabinis,

219 1161 387 1216 Pontificum
399 1161 493 1229 libros,
506 1179 610 1216 annosa
621 1162 763 1216 volumina
774 1166 879 1230 vatum,

219 1242 341 1297 Diotitet
352 1242 462 1297 Albano
473 1242 569 1296 Musas
580 1242 612 1295 in
623 1245 719 1296 monte
730 1243 846 1297 locutas.

219 1322 250 1376 Si
263 1324 330 1392 quia
341 1322 509 1377 Graecorum
521 1325 590 1376 sunt
601 1323 797 1393 antiquissima
809 1341 933 1394 quaeque

220 1403 332 1474 Scripta
342 1404 388 1458 vel
399 1403 507 1474 optima
519 1403 636 1457 Romani
648 1409 803 1474 pensantur
815 1405 911 1458 eadem

218 1484 374 1556 Scriptores
386 1485 572 1553 trutina‘non
584 1487 628 1538 est
640 1485 716 1554 quod
727 1485 817 1540 multa
828 1486 990 1555 loquamur:
1095 1493 1133 1542 30

218 1563 269 1618 Nil
279 1566 354 1618 intra
366 1568 410 1620 est
421 1564 518 1633 oleam,
530 1565 570 1618 nil
583 1569 661 1618 extra
673 1568 716 1619 est
727 1565 758 1619 in
770 1583 841 1619 nuce
853 1565 915 1619 duri
926 1585 933 1630 ;

219 1645 357 1701 Venimus
369 1644 405 1700 ad
416 1662 559 1699 summum
570 1645 699 1700 fortunae
711 1665 719 1711 ς
730 1646 871 1716 pingimus
883 1649 968 1716 atque

217 1725 363 1781 Psallimus
374 1729 404 1780 at
415 1726 555 1781 luctamur
566 1727 683 1780 Achivis
693 1726 804 1781 doctius
816 1727 916 1781 unctis.

217 1807 248 1862 Si
259 1808 374 1863 meliora
386 1807 446 1862 dies
457 1811 491 1862 ut
502 1808 568 1862 vina
579 1811 710 1878 po'e'mata
721 1808 823 1874 reddit,
872 1839 875 1858 .

219 1889 297 1944 Scire
309 1889 394 1943 velim
406 1889 512 1945 chartis
524 1889 649 1961 pretium
662 1892 766 1960 quotus
778 1891 888 1959 arrogat
899 1904 997 1943 annus.

218 1971 344 2041 Scriptor
354 1970 455 2025 abhinc
466 1988 554 2024 annos
566 1974 681 2025 cantum
694 1972 743 2041 qui
755 1970 858 2025 decidit
870 1970 945 2025 inter

218 2053 359 2107 Par-factos
370 2058 535 2124 veteresque
546 2053 643 2107 referri
655 2054 746 2122 debat,
759 2072 794 2109 an
807 2055 881 2108 inter

219 2134 297 2189 Viles
308 2139 392 2205 atque
404 2136 513 2189 novosl
548 2134 687 2190 Eroiadai
695 2136 786 2205 jurgia
798 2136 869 2190 finis.

217 2213 271 2269 rsa
282 2218 366 2269 vetus
377 2218 462 2285 atque
474 2215 580 2286 probus
592 2218 706 2269 centum
719 2216 768 2285 qui
780 2216 890 2286 perficit
902 2232 997 2269 annos.

219 2295 301 2364 Quid,
314 2296 363 2366 qni
375 2296 494 2367 deperiit
506 2297 599 2350 minor
610 2313 667 2349 uno
679 2314 776 2350 mense
788 2298 832 2351 vel
844 2314 924 2365 anno,
1088 2302 1127 2349 40

219 2377 298 2432 Inter
310 2394 381 2447 quos
392 2377 554 2431 referendus
566 2377 620 2431 erit
632 2376 642 2430 l
660 2380 806 2431 veteresne
818 2381 925 2448 posta-S,
1162 2382 1163 2389 ’

217 2458 265 2512 An
277 2474 348 2527 quos
359 2460 388 2511 et
399 2475 530 2529 praesens
542 2460 571 2511 at
582 2461 695 2527 postera
706 2462 821 2528 respuat
833 2462 909 2513 aetas
921 2458 931 2513 l

219 2538 278 2593 Iste
290 2538 402 2609 quidem
415 2543 522 2593 veteres
533 2540 610 2593 inter
621 2541 744 2609 ponatur
754 2540 874 2595 honeste

218 2619 274 2686 Qui
285 2621 331 2674 vel
342 2637 437 2675 mense
449 2620 527 2674 brevi
538 2621 584 2675 vel
595 2623 657 2674 toto
670 2623 714 2674 est
723 2620 819 2691 junior
831 2638 912 2676 nnnc.

218 2700 294 2756 Utor
304 2700 441 2771 permisso
453 2700 611 2771 caudaeque
623 2701 696 2771 pilos
709 2704 743 2754 ut
755 2702 873 2770 aquinae

217 2782 355 2838 Paulatim
367 2782 439 2836 vello
452 2784 481 2835 et
493 2782 575 2836 demo
588 2800 686 2850 unum,
699 2782 781 2836 demo
794 2783 903 2836 etitem
916 2800 1016 2851 unum,

217 2863 296 2918 Dum
307 2862 387 2917 eadat
399 2862 494 2917 elusus
506 2863 613 2917 ratione
626 2863 734 2917 ruentis
746 2864 838 2917 acervi

217 2944 274 3012 Qui
285 2943 358 2998 redit
369 2943 399 2997 in
411 2944 499 2997 fastos
511 2946 540 2997 et
552 2944 687 2997 virtutem
699 2942 830 2997 aestimat
842 2942 931 3012 annis,

216 3024 390 3094 Miraturque
402 3023 472 3076 nihil
483 3022 538 3077 nisi
551 3023 627 3092 quod
638 3022 762 3077 Libitina
774 3023 901 3077 sacravit.
1159 3080 1160 3096 χ

216 3104 325 3159 Ennius
337 3107 366 3157 et
377 3103 488 3174 sapiens
500 3106 529 3157 et
540 3103 623 3157 fortis
635 3106 663 3157 et
675 3103 750 3167 alter,
758 3103 908 3171 Homerus,
1092 3110 1125 3159 50
1159 3099 1160 3164 l

218 3185 261 3237 Ut
272 3186 363 3239 critici
374 3185 482 3252 dicunt,
494 3184 594 3238 leviter
607 3202 701 3239 curare
714 3185 826 3239 videtur

217 3264 279 3328 Quo
291 3264 427 3333 promissa
438 3265 539 3318 cadant
551 3268 581 3317 at
593 3266 701 3319 somnia
713 3265 893 3336 Pythagoraa.

217 3340 341 3395 Naevius
352 3343 383 3395 in
393 3344 524 3397 manibus
536 3361 593 3398 non
606 3347 650 3398 est
663 3347 692 3398 et
703 3345 848 3399 mentibus
860 3346 957 3399 haeret
