2342 3850
177 356 183 365 ,
347 297 535 346 sarminuu
549 298 583 346 n
599 300 622 348 e,

45 425 171 493 Quorsum
181 425 321 496 pertinuit
330 426 437 497 stipare
447 427 564 482 Platona
575 427 737 497 Menandro,

19 578 20 583 ἵ
42 507 159 577 Eupohn,
170 505 378 575 Archilochum,
391 507 509 562 comites
519 507 635 562 educere
646 509 759 564 tantosi

44 587 173 642 Invidiam
183 588 292 657 placem
303 604 386 658 puras
396 587 504 642 virtute
514 588 630 643 relictui

44 667 218 722 Contemnere
229 667 329 733 miser;
346 667 462 722 vitanda
472 670 517 722 eet
526 668 656 739 improba
667 667 748 724 Siren

41 748 154 816 Desidia,
166 753 217 803 ant
228 747 365 818 quidquid
374 750 435 803 vita
446 749 559 803 meliore
570 749 677 820 parenti

40 828 193 883 Ponendum
203 845 292 898 aequo
302 829 418 883 animu”
453 829 515 882 “Di
526 832 566 898 te,
576 829 754 900 Damasippo,
765 829 887 901 deaeque

40 909 138 964 Verum
149 909 186 964 ob
197 909 345 963 consilium
356 909 462 964 donent
472 913 594 964 tonsore.
631 909 686 964 Sed
697 910 771 966 unde

40 990 103 1043 'Pam
111 990 183 1044 bene
194 1006 241 1044 me
251 989 364 1045 noetii''
401 990 579 1060 “Postquam
590 991 683 1052 omnis
694 1009 738 1046 res
750 1009 812 1047 mea
822 991 927 1048 Janum

40 1070 81 1124 Ad
91 1070 213 1124 medium
222 1070 312 1125 hacta
322 1074 367 1125 est
378 1071 469 1125 aliena
479 1072 591 1140 negotia
602 1089 677 1140 cure,

39 1150 172 1205 Excussm
183 1151 311 1221 propriis.
347 1150 423 1205 Olim
434 1167 500 1205 nam
512 1169 644 1221 quaerere
655 1151 794 1220 amabam,
900 1157 935 1207 20

40 1230 95 1297 Quo
105 1232 182 1285 vafer
190 1231 238 1285 ille
248 1231 336 1302 pedes
345 1232 462 1286 lavisset
472 1231 611 1303 Sisyphus
623 1250 695 1302 aere,

40 1311 107 1377 Quid
116 1312 260 1381 sculptum
270 1312 386 1381 infabre,
398 1313 467 1382 quid
476 1312 573 1367 fumum
585 1312 683 1368 durius
695 1317 771 1370 esset

40 1391 155 1446 Callidus
164 1392 233 1446 huic
242 1393 322 1462 signo
332 1393 471 1463 ponebam
481 1393 570 1448 millia
581 1397 712 1461 contum3

39 1471 137 1527 Hortos
148 1474 324 1544 egregiasque
335 1473 432 1528 domos
443 1474 591 1529 mercarier
601 1491 676 1529 unns

40 1551 106 1606 Cum
115 1553 193 1607 luero
203 1570 301 1608 norem
308 1573 317 1620 ;
332 1554 408 1609 unde
417 1554 576 1624 frequentia
585 1555 748 1610 Mercuriale

40 1631 195 1702 Imposuere
206 1632 277 1687 mihi
288 1649 441 1703 cognomen
452 1635 597 1705 compita’'
634 1637 651 1665 “
658 1635 741 1704 Novi,

38 1711 71 1766 Et
80 1714 167 1767 miror
175 1713 269 1768 morbi
279 1717 429 1784 purgatum
440 1718 470 1768 te
480 1714 563 1769 illius
598 1715 688 1785 Atqui

38 1791 143 1848 Emovit
154 1797 280 1848 veterem
291 1795 362 1848 mire
372 1811 472 1863 novus,
482 1798 518 1848 ut
529 1795 602 1849 solet
614 1795 645 1849 in
656 1812 704 1850 cor

37 1871 158 1943 Treiecto
167 1875 264 1929 lateris
274 1875 370 1930 miseri
381 1875 514 1947 capitisve
526 1876 630 1944 dolore,

38 1952 76 2007 Ut
84 1954 253 2025 lethargicus
263 1956 310 2009 hic
320 1973 385 2011 cum
396 1957 430 2010 fic
440 1958 518 2027 pugil
529 1961 559 2011 et
570 1956 710 2011 modicum
722 1960 812 2027 urget.
901 1964 936 2014 30

37 2033 107 2089 Dum
117 2054 155 2091 ne
166 2036 236 2107 quid
246 2037 337 2091 simile
348 2037 413 2092 huic
424 2041 486 2092 esto
496 2041 530 2092 ut
541 2038 636 2091 libet?
672 2038 721 2093 “0
733 2038 815 2107 bone,
827 2056 863 2093 na
874 2042 905 2093 te

36 2113 193 2184 Frmtrere3
209 2118 316 2173 insanis
327 2122 358 2172 et
367 2122 401 2172 tu
412 2119 550 2188 stultique
560 2135 647 2190 prope
659 2135 764 2188 omnes,

36 2196 62 2249 Si
72 2197 140 2267 quid
151 2199 307 2253 Stertinius
317 2199 378 2253 veri
388 2202 493 2269 crepat,
504 2198 581 2253 unde
592 2216 643 2269 ego
654 2200 726 2253 mira

35 2275 174 2350 Descripsi
184 2279 284 2335 docilis
295 2282 442 2351 praecepte
453 2279 529 2347 haec„
540 2282 669 2349 tempore
681 2296 737 2351 quo
749 2296 795 2333 me

35 2356 143 2415 Solutus
150 2360 239 2432 jussit
249 2361 407 2431 sapientem
418 2377 532 2431 pascere
543 2359 661 2414 barbam

34 2436 125 2509 Atque
136 2457 155 2495 a
166 2440 294 2495 Fabricio
304 2458 362 2495 non
372 2441 486 2495 tristem
497 2444 583 2511 ponte
595 2440 706 2495 reverti

33 2516 102 2574 Nem
112 2520 188 2575 male
199 2538 231 2575 re
241 2525 321 2591 gesta
332 2538 398 2576 cum
408 2521 509 2576 vellem
520 2521 634 2575 mittere
647 2524 744 2592 operto

32 2596 74 2652 Me
84 2602 181 2671 capite
192 2602 224 2656 in
233 2602 350 2670 flumen,
361 2601 459 2656 dexter
469 2602 552 2655 stetit
564 2604 603 2669 et,
616 2600 689 2657 Cave
702 2602 772 2656 faxis

32 2677 67 2733 'I'e
77 2682 234 2752 quidquam
244 2682 407 2753 indignnm3
425 2682 524 2753 pudor,
535 2682 638 2751 inquit,
650 2685 679 2736 te
691 2682 781 2737 mulus
792 2682 878 2753 angit,

32 2758 147 2817 Insencs
159 2764 210 2833 qui
220 2763 297 2817 inter
307 2780 419 2818 vereare
430 2763 545 2817 insanus
556 2763 661 2817 haberi.
901 2767 937 2816 40

31 2837 154 2897 Primum
168 2861 236 2897 nam
246 2843 387 2913 inquiram
398 2842 468 2913 quid
478 2843 519 2897 sit
528 2843 635 2897 furere:
653 2842 707 2898 hoc
718 2843 743 2898 si
755 2842 809 2898 erit
817 2843 848 2897 in
859 2846 888 2896 ie

30 2920 89 2977 Solo
100 2925 145 2979 nil
156 2925 238 2981 verbi
248 2942 345 2995 pereas
357 2926 426 2995 quin
438 2926 548 2979 fortiter
559 2924 667 2979 addam.

29 3000 117 3067 Quem
128 3006 206 3060 mala
216 3006 341 3061 stultitia
352 3009 382 3060 et
393 3022 588 3075 quemcunque
598 3005 710 3059 inscitia
720 3003 780 3059 veri

28 3082 149 3142 Caecum
161 3088 230 3157 ugit,
241 3087 373 3141 insanum
385 3086 535 3157 Chrysippi
545 3088 670 3156 porticus
682 3089 713 3139 et
724 3102 790 3154 grex

27 3163 179 3222 Autuma’u
213 3167 292 3221 Haec
303 3166 431 3237 populos,
441 3166 512 3219 haec
522 3182 638 3235 magnos
649 3163 769 3219 formula
780 3180 858 3233 reges

24 3240 154 3318 Excepto
166 3248 295 3319 sapiente
306 3250 395 3301 tenet.
431 3246 460 3299 N
460 3263 516 3299 unc
527 3248 623 3316 accipe
632 3261 718 3315 quare

24 3322 183 3400 Deripiunt
194 3345 292 3383 omnes
303 3345 392 3398 aeque
404 3344 437 3381 ec
448 3330 483 3381 tu
494 3326 544 3396 qui
554 3327 610 3380 tibi
621 3342 724 3380 nomen
