2342 3850
518 331 656 382 110an
669 331 784 379 mecm

356 460 432 528 Quid
443 460 556 526 mirum,
567 459 619 513 ubi
630 457 686 512 iliis
698 455 872 512 carminibus
883 459 1002 528 stupens

356 541 493 596 Demittit
504 544 580 595 atras
592 539 684 594 bellua
695 537 837 607 centiceps

391 621 483 674 Aures
495 624 525 674 et
536 618 638 674 intorti
650 617 758 689 capillis

427 701 617 756 Eumenidum
628 701 790 754 recreantur
800 697 921 768 angues?

358 783 433 850 Quin
445 786 474 836 et
486 781 670 836 Prometheus
681 783 712 834 et
723 778 834 849 Pelopis
845 793 946 849 parens

356 863 440 916 Dulci
451 861 580 917 laborum
593 860 735 931 decipitur
745 876 829 924 son03
879 874 884 883 ·

391 941 454 996 Nec
466 944 547 995 curat
560 940 647 995 Orion
658 939 752 994 leones

427 1022 488 1077 Aut
500 1020 618 1076 timidos
630 1020 735 1090 agitare
747 1019 851 1090 lyncas
932 1067 935 1071 .

624 1350 702 1407 XIV.

359 1519 443 1573 Enni]
455 1517 573 1587 fugaces,
586 1515 726 1581 Postume,
739 1514 879 1581 Postume,

359 1598 507 1656 Labuntur
518 1596 591 1664 anni,
603 1613 655 1650 neo
666 1596 758 1668 pietas
769 1611 878 1650 moram

396 1678 485 1748 Rugis
497 1681 527 1732 et
539 1677 659 1730 instanti
671 1679 799 1730 senectae

433 1759 540 1813 Afferet
553 1758 764 1829 indomitaeque
777 1757 908 1824 morti·-

340 1861 342 1866 ·
361 1839 434 1907 Non,
447 1839 473 1892 si
484 1839 612 1905 trecenis,
625 1841 766 1908 quotquot
778 1841 847 1892 eunt
862 1837 930 1904 dies,

362 1919 468 1985 Amice,
480 1918 571 1991 places
583 1918 804 1974 illacrimabilem

396 2000 516 2055 Plutona
527 2000 625 2068 tauris,
637 2002 686 2071 qui
697 2004 743 2055 ter
753 2000 884 2070 amplum

433 2079 580 2151 Geryonen
593 2080 751 2151 Tityonque
762 2080 842 2134 tristi
910 2136 912 2141 ,

363 2162 524 2232 Compescit
536 2160 619 2229 unde,
630 2161 739 2216 scilicet
751 2161 884 2215 omnibus

363 2241 528 2311 Quicunque
539 2245 632 2296 terrae
644 2257 759 2295 munere
770 2241 912 2296 vescimur

401 2320 587 2391 Enaviganda,
599 2322 659 2377 sive
670 2338 751 2392 reges

435 2402 499 2458 Sive
511 2403 610 2473 inopes
622 2403 728 2457 erimus
739 2402 839 2455 coloni.

364 2483 482 2537 Frustra
494 2487 612 2537 cruento
624 2482 715 2539 Marte
727 2482 886 2536 carebimus

365 2563 529 2633 Fractisque
542 2564 620 2618 rauci
631 2562 766 2616 fluctibns
778 2561 906 2629 Hadriae,

400 2643 517 2697 Frustra
529 2660 580 2715 per
592 2637 760 2698 auctumnos
772 2645 921 2696 nocentem

437 2724 611 2795 Corporibus
623 2727 782 2778 metuemus
794 2722 948 2777 Austrum:

366 2806 509 2862 Visendus
519 2811 582 2861 ater
593 2806 709 2862 flumine
720 2805 851 2877 languido

368 2886 488 2958 Cocytos
501 2905 596 2941 errans
608 2891 638 2941 et
650 2888 740 2942 Danai
752 2904 841 2957 genus
948 2932 953 2944 .

403 2966 511 3020 Infame
524 2966 730 3038 damnatusque
741 2968 817 3038 longi

439 3046 576 3117 Sisyphus
588 3046 720 3101 Aeolides
731 3047 842 3103 laboris

368 3126 531 3197 Linqusnde
542 3127 627 3181 tellus
638 3130 668 3181 et
680 3127 782 3181 domus
794 3131 823 3181 et
835 3127 947 3198 phcens

368 3208 453 3275 Uxor,
466 3225 558 3278 neque
570 3207 671 3261 hurum
683 3224 754 3276 quas
766 3207 834 3263 colis
846 3207 978 3262 arborum

405 3288 445 3343 Te
457 3292 568 3358 praeter
579 3286 685 3340 invisas
697 3304 842 3357 cupressos

428 3412 429 3417 ,
441 3366 506 3422 Una
517 3367 632 3423 brevem
643 3366 790 3424 dominum
800 3368 942 3439 sequetur.
