2342 3850
224 301 270 348 als
545 299 680 347 Helenen
694 299 808 348 micel
819 299 847 328 '²‘

227 428 274 482 An
286 426 429 483 Lebedum
439 425 537 480 leudes
549 425 614 480 odio
626 426 712 480 maris
724 429 810 496 atque
822 426 950 480 viaruml
1158 447 1159 465 ¹

227 509 288 564 Scis
301 508 429 564 Lebedus
440 509 509 578 quid
520 509 578 574 sit;
596 508 693 563 Gabiis
705 509 841 563 desertior
852 511 935 578 atque

226 589 341 645 Fidenis
352 590 431 645 vicus
441 609 449 656 ;
466 593 563 644 tamen
575 589 632 644 illic
643 590 737 644 vivere
749 590 858 658 vellem,

226 670 396 741 oblitusque
406 686 534 725 meorum
545 670 752 725 obliviscendus
763 675 793 725 et
804 671 859 724 11111

226 751 393 822 Neptunum
406 751 504 822 procul
516 769 532 806 e
543 754 620 806 terre
631 754 757 823 spectare
769 751 917 806 furentem.
966 767 967 770 ’
1098 757 1128 806 10

227 833 283 887 Sed
294 849 385 903 neque
397 833 446 902 qui
457 832 553 902 Capua
564 832 681 886 Romam
693 833 767 902 petit
778 833 869 887 imbre
880 833 998 902 lutoque

227 913 386 983 Adspersus
397 913 474 968 volet
485 913 516 967 in
527 929 652 983 caupona
662 913 757 967 vivere
769 933 776 978 ;
794 931 845 968 nee
858 913 906 983 qui

226 994 327 1064 Frigus
339 994 451 1064 collegit
461 995 559 1048 furnos
571 997 602 1048 et
613 994 712 1049 balnea
723 994 819 1049 laudet

227 1075 270 1130 Ut
281 1075 454 1130 fortunatam
466 1075 547 1145 plene
557 1075 728 1145 praestantia
740 1075 835 1128 vitam.

225 1155 286 1211 Nec
298 1157 323 1211 si
335 1159 365 1210 te
377 1155 488 1210 validus
495 1155 645 1226 jactaverit
656 1155 762 1212 Aueter
773 1155 804 1210 iu
816 1154 881 1223 alto,

226 1238 335 1293 Idcirco
346 1254 446 1291 navem
458 1239 537 1290 trans
548 1236 690 1306 Aegaeum
702 1252 778 1289 mare
790 1235 900 1289 vendes.
978 1300 982 1304 ,

228 1319 367 1374 Incolumi
378 1317 493 1372 Rhodos
505 1320 534 1371 et
546 1317 681 1387 Mytilene
693 1315 810 1386 pulchra
821 1315 888 1369 feeit
900 1315 976 1385 quod

226 1399 347 1454 Paenula
357 1398 487 1466 solstitio,
499 1401 656 1467 campestre
667 1395 805 1451 nivelibua
816 1395 900 1464 auris,

226 1480 278 1534 Per
289 1480 419 1535 brumam
429 1478 546 1546 liberis,
559 1478 659 1532 Sextili
670 1494 766 1532 mense
779 1477 910 1532 caminm

226 1559 547 1616 Dumlicetaevultum
558 1561 652 1612 servat
663 1556 787 1612 Fortuna
799 1557 958 1627 benignum,
1099 1561 1130 1610 20

225 1642 329 1696 Romae
340 1640 469 1695 laudetur
480 1638 578 1694 Samos
590 1642 619 1693 et
632 1638 716 1693 Chios
728 1642 757 1692 et
768 1637 880 1692 Rhodos
891 1637 999 1692 absens.

224 1723 269 1777 ’111
279 1737 473 1792 quamcunque
485 1720 554 1774 deus
565 1719 621 1774 tibi
632 1720 816 1774 fortunaverit
826 1719 924 1773 horam

223 1801 311 1858 Grata
322 1819 402 1856 sume
413 1818 507 1870 manu,
519 1818 575 1854 neu
588 1800 679 1855 dulcia
690 1799 770 1854 differ
781 1800 811 1854 in
823 1817 936 1868 annum,

224 1883 266 1938 Ut
277 1899 443 1954 quocunque
454 1882 515 1937 loeo
526 1881 613 1936 fueris
625 1881 726 1935 vixisse
738 1881 859 1935 libenter

222 1964 262 2019 Te
274 1963 350 2019 dicae
360 1984 368 2029 ;
388 1980 454 2017 nam
465 1963 492 2017 si
503 1962 575 2017 ratio
588 1966 617 2016 et
628 1962 778 2033 prudentia
789 1979 877 2030 curae,

222 2042 289 2099 Non
300 2044 377 2099 locus
389 2043 471 2098 effimi
482 2043 539 2097 late
550 2043 636 2097 maris
648 2042 752 2096 arbiter
763 2042 862 2112 111111,

222 2125 338 2179 Ocelum
348 2142 407 2180 non
417 2124 542 2178 animum
553 2126 666 2177 mutant
678 2124 726 2192 qui
738 2126 816 2177 trans
827 2139 903 2176 mare
915 2126 1042 2177 currunt.
1158 2132 1159 2193 ξ

222 2206 343 2260 Strenua
354 2222 406 2260 nos
418 2206 528 2258 exercet
539 2204 655 2257 inertia:
673 2202 791 2257 navibus
803 2206 888 2272 atque
1158 2194 1159 2209 ³

222 2286 368 2355 vadrig's
379 2285 502 2355 petimus
513 2284 585 2338 bene
597 2284 697 2338 vivere.
733 2283 814 2350 Quod
826 2282 900 2353 petis
912 2282 959 2337 hic
971 2287 1026 2352 est,

220 2367 273 2421 Fst
283 2365 410 2435 Ulubris,
421 2365 679 2420 emimussitenon
690 2363 785 2420 deficit
796 2381 907 2434 aequus.
1097 2366 1130 2417 30

607 2650 610 2653 ¹
641 2691 710 2746 ΧΠ.

221 2856 382 2911 Panormus
393 2855 533 2926 Agrippee
546 2856 649 2911 Siculis
662 2873 732 2926 quos
744 2856 859 2925 colligis,
872 2854 937 2923 Ioci,

222 2937 253 2991 si
264 2940 339 2991 recte
349 2936 449 2991 frueris
460 2954 518 2991 non
530 2941 574 2992 est
585 2941 619 2991 ut
631 2938 710 3008 copia
721 2936 809 3006 major

222 3018 269 3072 Ab
279 3018 350 3072 Jove
361 3018 460 3072 donari
471 3020 561 3088 possit
572 3018 634 3073 tibi.
669 3018 745 3072 Tolle
758 3016 884 3087 querelas
895 3035 903 3081 ;

222 3100 331 3168 Pauper
341 3099 417 3152 enim
427 3116 484 3153 non
495 3101 540 3151 111
551 3098 597 3152 cui
608 3116 701 3153 rerum
714 3098 842 3168 suppetit
853 3114 928 3151 usus.

135 3177 138 3181 ’
223 3179 253 3231 Si
264 3179 358 3232 ventri
368 3179 447 3247 bene,
459 3179 484 3233 si
496 3179 577 3233 lateri
590 3183 634 3233 est
645 3178 818 3249 pedibusque
830 3180 897 3248 tuis,
909 3179 950 3233 nil

222 3256 344 3311 Divitiae
355 3262 489 3327 poterunt
500 3259 607 3328 regales
619 3260 718 3313 addere
730 3260 829 3329 majus.

222 3335 252 3387 Si
263 3334 336 3389 forte
347 3336 377 3390 in
389 3339 481 3393 medio
492 3339 648 3409 positorum
659 3339 814 3395 abstemius
825 3340 919 3393 herbis
