2342 3850
341 330 518 380 ciamus
531 329 580 379 111.
595 334 617 382 t.

161 474 192 528 Si
203 490 260 527 non
271 471 377 543 periret
388 469 598 525 immiserabilis

164 553 283 624 Captiva
294 553 390 623 pubes
426 555 444 582 “
451 551 535 621 Signa
546 568 598 622 ego
610 549 723 604 Punicis

198 634 299 688 Adfixa
310 632 435 688 delubris
446 636 477 686 et
489 649 567 686 arma

235 714 375 769 Militibus
385 714 447 768 sine
459 713 564 781 caeds,”
577 712 660 780 dixit,

165 799 180 825 ‘⁴
191 794 317 866 Derepta
327 795 403 860 vidi3
420 793 481 848 vidi
493 811 544 864 ego
556 793 661 848 civium

165 874 284 928 Retorta
294 877 374 945 tergo
386 873 501 928 brachia
512 873 601 928 libero

204 955 358 1024 Portasque
370 971 427 1008 non
439 953 546 1008 clausas
557 957 588 1008 et
600 969 667 1006 arva

235 1036 327 1090 Marte
339 1035 393 1090 coli
405 1034 540 1106 populata
551 1037 658 1088 nostro.

165 1114 244 1169 Auro
254 1132 391 1186 repensus
402 1115 512 1170 scilicet
523 1115 613 1169 acrior

165 1195 248 1249 Miles
258 1196 371 1250 redibit.
406 1195 526 1266 Flagitio
538 1194 643 1248 additis

201 1277 357 1331 Damnum:
375 1294 465 1346 neque
477 1276 597 1330 amissos
609 1274 714 1330 colores

236 1357 313 1411 Isna
323 1357 409 1412 refert
420 1357 559 1411 medicata
571 1356 644 1423 fuco,

165 1439 226 1493 Nec
237 1457 303 1493 vera
314 1440 407 1493 virtus
418 1457 483 1493 cum
495 1438 582 1494 semel
595 1437 700 1493 excidit
818 1495 820 1502 ,

165 1520 254 1575 Curat
267 1521 364 1592 reponi
376 1520 569 1575 deterioribus

202 1601 232 1654 Si
244 1605 352 1672 pugnat
364 1601 501 1656 extricata
512 1600 608 1655 densis

239 1681 327 1736 Cerva
338 1682 427 1753 plagis
438 1682 493 1736 erit
505 1681 550 1736 ille
562 1681 645 1735 fortis

167 1763 225 1830 Qui
236 1764 350 1834 perfidis
362 1781 392 1817 sc
404 1763 522 1818 credidit
533 1763 673 1830 hostibus,

164 1845 206 1899 Et
217 1845 308 1899 Marte
319 1844 428 1899 Poenos
439 1846 566 1916 proteret
577 1843 666 1899 altero

205 1928 260 1996 Qui
272 1928 332 1981 lora
343 1928 481 1982 restrictis
492 1927 605 1981 lacertis

240 2008 335 2062 Sensit
347 2009 422 2063 iners
433 2008 588 2077 timuitque
600 2008 729 2061 mortem.

167 2090 225 2145 Hic
236 2088 311 2143 unde
323 2089 413 2143 vitam
425 2091 550 2142 sumeret
561 2088 668 2142 inscius

167 2172 271 2225 Pacem
283 2170 374 2224 duello
386 2170 509 2224 miscuit.
546 2168 570 2223 Ο
582 2168 688 2240 pudor!

206 2251 231 2307 Ο
243 2268 344 2321 magna
355 2250 507 2321 Karthago,
520 2249 666 2321 probrosis

241 2330 335 2385 Altior
347 2330 445 2384 Italiae
457 2330 547 2385 ruinis
558 2331 583 2384 !”

167 2412 275 2466 Fertur
286 2411 403 2484 pudicae
416 2411 541 2481 conjugis
554 2410 680 2466 osculum

169 2493 330 2562 Parvosque
342 2495 423 2546 natos
434 2496 468 2545 ut
481 2492 583 2562 capitis
595 2492 688 2547 minor

207 2572 255 2627 Ab
267 2590 298 2627 se
309 2573 461 2627 removisse
473 2574 504 2626 et
516 2572 626 2626 virilem

243 2652 352 2707 Torvus
364 2652 446 2707 humi
458 2653 585 2723 posuisse
598 2652 724 2707 vultum:

171 2735 270 2789 Donec
281 2734 409 2788 labantes
421 2732 538 2788 consilio
550 2737 645 2804 patres

171 2815 315 2869 Firmaret
327 2817 424 2869 auctor
436 2832 580 2885 nunquam
592 2814 660 2868 alies
673 2814 746 2881 date,

212 2895 348 2964 Interque
360 2899 518 2950 maerentes
530 2896 635 2949 amicos

246 2975 380 3047 Egregius
391 2979 554 3047 properaret
566 2976 653 3029 exsul.

171 3056 266 3125 Atqui
277 3056 385 3110 sciebat
397 3074 467 3127 quae
479 3056 535 3111 sibi
547 3056 683 3111 barbarus

171 3137 280 3192 Tortor
291 3141 418 3208 pararet;
435 3154 493 3191 non
505 3137 588 3191 aliter
598 3140 695 3191 tamen

210 3218 340 3273 Dimovit
352 3218 498 3273 obstantes
509 3218 684 3288 propinquos

248 3298 286 3353 Et
297 3299 436 3371 populum
448 3297 556 3353 reditus
568 3299 732 3360 morantem,
