2342 3850
223 239 269 288 258
544 240 680 298 Rosam
692 242 806 292 mcor

224 369 297 426 Nam
306 387 398 442 neque
407 370 510 426 chorda
517 388 620 426 sonum
628 371 724 427 reddit
730 389 816 441 quem
823 373 886 427 vult
892 391 994 429 manus
999 379 1029 429 et
1037 393 1125 444 mens,

223 451 407 523 Poscentique
418 469 530 522 gravem
538 470 672 523 persaepe
683 453 807 526 remittit
819 457 951 521 acutum

222 532 250 586 N
252 550 283 588 ec
294 551 405 604 semper
415 532 498 587 feriet
511 533 697 603 quodcunque
709 534 865 588 minabitur
876 553 965 590 arcus.
1074 541 1126 592 350

222 615 330 672 Verum
341 616 391 672 ubi
402 616 483 686 plura
494 616 589 670 nitent
601 616 632 670 in
644 615 765 669 carmine
777 633 834 669 non
846 633 896 686 ego
909 617 1008 688 paucis

222 695 354 752 Offendar
365 695 488 764 maculis,
501 713 571 767 quas
583 699 634 750 aut
646 695 755 750 incuria
766 695 842 750 fudit

220 777 281 832 Aut
293 777 416 832 humana
427 794 527 848 parum
539 777 615 832 cavit
626 779 734 831 natura.
769 776 844 843 Quid
856 795 921 848 ergo
932 779 998 833 estl

221 857 263 913 Ut
275 859 397 929 scriptor
407 858 434 912 si
445 861 543 929 peccat
556 857 632 912 idem
643 856 774 911 librarius
786 874 877 927 usque

219 939 354 1004 Quamvis
366 941 411 994 est
421 939 549 992 monitus
560 938 644 992 venia
656 942 731 992 caret
742 959 751 1004 ς
768 941 802 993 ut
814 939 997 1002 citharoedus

219 1018 338 1074 Ridetur
350 1019 452 1074 chorda
464 1020 514 1090 qui
525 1036 638 1090 semper
649 1019 762 1074 oberrat
772 1019 885 1074 eadem:

218 1099 264 1154 Sic
276 1101 346 1154 mihi
359 1101 408 1171 qui
419 1100 543 1155 multum
555 1104 646 1156 cessat
657 1101 691 1154 fit
703 1100 849 1156 Choerilus
861 1102 917 1170 ille,

219 1181 309 1248 Quem
320 1182 365 1237 bis
376 1185 455 1236 terve
467 1181 575 1237 bonum
588 1199 652 1236 cum
661 1181 721 1236 risu
732 1182 819 1235 miror
829 1202 837 1248 ;
855 1186 885 1236 et
896 1183 973 1237 idem

218 1261 350 1332 Indignor
362 1263 527 1334 quandoque
539 1263 631 1318 bonus
643 1261 780 1317 dormitat
791 1261 933 1318 Homerus
943 1286 950 1330 ;

218 1343 257 1413 (V
257 1361 337 1398 erum
349 1344 426 1415 operi
438 1344 520 1414 longo
532 1343 574 1398 fas
587 1347 631 1398 est
643 1344 776 1414 obrepere
789 1348 938 1414 somnum.)
1073 1353 1127 1404 360

218 1425 260 1479 Ut
272 1426 383 1497 pictura
394 1425 486 1495 poesis
497 1444 502 1479 :
523 1425 579 1478 erit
590 1441 662 1495 quae
673 1425 698 1478 si
709 1424 827 1495 propius
838 1429 898 1478 stes

217 1506 257 1560 Te
269 1507 362 1577 capiat
374 1505 470 1576 magis,
482 1509 511 1560 et
523 1505 661 1576 quaedam
673 1504 698 1558 si
710 1505 820 1574 longius
831 1505 933 1560 abates.

216 1588 294 1642 Haec
305 1589 381 1642 amat
394 1586 552 1654 obscurum,
563 1586 639 1640 volet
651 1586 721 1640 haec
731 1585 784 1640 sub
796 1586 859 1640 luce
870 1587 969 1656 videri,

215 1668 326 1724 iudicis
338 1670 468 1737 argutum
480 1683 552 1736 quae
564 1683 622 1720 non
633 1665 766 1720 formidat
778 1684 895 1722 acumen
908 1689 917 1734 ;

216 1749 293 1804 Haec
305 1748 410 1820 placuit
422 1747 517 1815 semel,
529 1747 598 1801 haec
609 1747 701 1800 decies
713 1747 835 1817 repetita
846 1748 977 1818 placebit.

216 1831 240 1884 O
253 1829 341 1900 major
349 1829 495 1900 juvenum,
507 1829 636 1899 quamvis
648 1831 678 1882 et
689 1845 758 1882 voce
770 1833 888 1899 paterna

215 1911 341 1983 Fingerie
353 1912 389 1967 ad
401 1913 510 1966 rectum
522 1914 552 1966 et
563 1929 614 1982 per
625 1915 655 1965 te
667 1911 750 1982 sapis,
762 1911 815 1965 hoo
826 1910 881 1966 tibi
893 1912 1004 1969 dictum

214 1994 292 2048 Tolle
304 2010 418 2060 memor,
430 1993 513 2047 certis
525 1993 651 2047 medium
662 1996 691 2047 et
702 1993 845 2048 tolerabile
856 1993 940 2049 rebus

214 2076 300 2131 Recte
312 2075 433 2129 concedi.
469 2074 620 2130 Consultus
629 2074 700 2144 juris
712 2077 742 2127 et
754 2078 832 2128 actor

188 2198 196 2217 ,
215 2156 368 2213 Causarum
380 2155 526 2210 mediocris
538 2156 619 2210 abest
630 2155 737 2209 virtute
749 2155 848 2209 diserti
1067 2167 1122 2217 370

213 2236 357 2291 Messallae
368 2254 421 2290 neo
432 2236 486 2289 scit
498 2239 636 2306 quantum
648 2234 799 2289 Cascellius
810 2236 909 2303 Aulus,

214 2317 268 2371 Sed
279 2319 375 2371 tamen
386 2317 417 2369 in
428 2318 519 2387 pretio
532 2320 592 2371 est:
610 2315 800 2370 mediocribus
811 2334 871 2370 esse
883 2319 974 2385 potitis

213 2398 278 2452 Non
289 2398 424 2467 homines,
435 2414 492 2452 non
501 2397 537 2466 di,
551 2415 608 2452 non
620 2414 779 2451 concessere
792 2397 943 2452 columnae.

213 2478 255 2533 Ut
267 2481 361 2549 gratas
372 2478 446 2533 inter
458 2496 568 2534 mensas
580 2478 747 2549 symphonia
758 2478 864 2532 discors

212 2558 251 2613 Et
263 2576 387 2614 crassum
398 2564 574 2630 unguentum
586 2561 616 2613 et
628 2558 714 2612 Sardo
727 2575 792 2612 cum
804 2558 886 2611 melle
897 2575 1023 2629 papaver

213 2638 372 2709 Offendunt,
384 2644 496 2711 poterat
508 2640 573 2695 duci
585 2640 652 2710 quia
663 2656 748 2693 coena
759 2639 821 2692 sine
833 2638 915 2691 istis:

212 2721 257 2776 Sic
269 2720 370 2777 animis
382 2725 482 2775 natum
493 2722 697 2791 inventumque
709 2724 808 2791 poema
816 2718 955 2788 juvandis,

211 2801 241 2855 Si
253 2801 369 2873 paulum
380 2818 491 2856 summo
503 2801 624 2856 decessit
635 2801 725 2871 vergit
737 2800 773 2854 ad
784 2800 881 2852 imum.

211 2883 319 2937 Ludere
332 2882 381 2953 qui
393 2883 482 2937 nescit
494 2883 698 2954 campestribus
709 2881 833 2936 abstinet
846 2880 940 2948 armis,

210 2962 399 3034 Indoctusque
411 2964 483 3035 pilae
495 2964 599 3019 discive
610 2965 736 3019 trochive
748 2962 877 3034 quiescit,
1066 2975 1122 3023 380

208 3042 237 3096 N
237 3062 252 3098 e
264 3045 369 3114 spissae
381 3044 469 3099 risum
481 3046 582 3101 tollant
592 3047 708 3117 impune
720 3062 836 3100 coronae
847 3064 853 3099 ι

209 3121 264 3185 Qui
275 3124 365 3176 nescit
378 3142 475 3179 versus
486 3128 582 3180 tamen
594 3127 679 3180 audet
688 3127 797 3195 fingere.
834 3125 940 3192 Quidni
950 3124 960 3178 l

208 3200 292 3253 Liber
303 3205 333 3253 et
345 3202 489 3275 ingenuus,
501 3207 667 3275 praesertim
679 3224 779 3261 census
791 3210 952 3276 equestrem

208 3279 352 3334 Summam
364 3299 544 3341 nummorum
555 3288 680 3359 vitioque
692 3290 817 3345 remotus
829 3287 865 3341 ab
876 3288 961 3341 omni.
