2342 3850
205 253 249 299 226
523 250 658 298 HORATH
673 248 785 298 mecm

205 380 373 433 Teutantem
384 379 496 449 majora,
508 379 567 432 fere
579 378 775 450 praesentibus
786 393 916 447 aequum.

205 459 309 514 Contra
319 477 404 530 quem
416 459 520 530 duplici
533 477 626 531 panno
638 459 775 530 patientia
785 459 861 513 velet

205 539 328 594 Mirabor
338 541 414 594 vites
425 541 472 594 vie
483 540 509 594 si
520 557 653 594 converse
665 540 783 595 decebit

207 621 289 675 Alter
299 637 470 692 purpureum
482 637 539 674 non
552 621 727 692 exspectabit
738 620 882 686 amictum,

207 700 351 769 Quidlibet
362 702 479 756 indutus
491 701 670 756 celeberrime
682 719 732 772 per
742 701 802 754 locs
813 699 904 765 redet,

206 781 409 852 Personemque
420 782 492 836 feret
503 799 560 836 neu
572 782 756 837 inconcinnus
767 783 933 850 utramque;

206 861 288 915 Alter
299 862 390 915 Mileti
402 865 510 917 textam
521 880 588 917 cane
600 862 681 933 pejus
693 866 723 916 et
734 863 817 931 angui
1031 873 1035 880 '
1082 866 1118 914 30

208 941 318 997 Vitabit
330 942 510 1013 chlamydem,
522 943 658 997 morietur
669 942 769 1012 frigore
782 942 807 996 si
817 959 875 996 non

208 1021 361 1076 Rettuleris
372 1041 504 1094 pannum
538 1023 622 1078 Refer
633 1026 663 1078 et
674 1024 734 1078 sine
746 1023 825 1078 vivet
836 1023 958 1093 ineptus.

207 1104 264 1160 Res
274 1122 368 1174 gerere
381 1109 410 1158 et
422 1109 519 1176 captos
530 1105 676 1160 ostendere
688 1105 797 1160 civibus
809 1105 906 1159 hostes

207 1184 335 1254 Attingit
346 1186 447 1240 solium
458 1186 477 1240 J
479 1187 539 1240 ovis
551 1189 581 1239 et
592 1186 722 1240 caelestis
733 1188 827 1239 tentet
838 1203 845 1238 ι

208 1265 384 1336 Principibus
394 1267 531 1337 placuisse
543 1266 613 1321 viris
624 1283 681 1320 non
693 1265 794 1320 ultime
805 1266 865 1320 leus
877 1269 927 1319 est

208 1345 273 1400 Nou
285 1347 374 1400 cuivis
386 1347 493 1401 homini
505 1347 645 1417 contingit
657 1346 734 1401 edire
746 1345 923 1402 Corinthum.

209 1427 287 1482 Sedit
298 1428 347 1497 qui
359 1428 457 1482 timuit
469 1446 505 1482 ne
517 1445 573 1482 non
585 1427 753 1482 succederet.
788 1427 875 1481 Esto!

210 1507 285 1573 Quid
296 1507 345 1577 qui
359 1508 495 1577 pervenit,
507 1508 611 1562 fecitne
623 1506 761 1562 viriliteri
797 1507 887 1577 Atqui

209 1587 265 1641 Hic
278 1591 322 1641 est
333 1592 383 1642 cut
394 1605 534 1658 nusquam
546 1588 622 1658 quod
634 1589 801 1658 quaerimus.
837 1588 892 1641 Hic
903 1604 974 1641 onus
987 1588 1093 1656 horret,

210 1667 253 1721 Ut
264 1667 358 1737 parvis
369 1669 470 1722 animis
482 1671 512 1722 et
523 1686 610 1739 parvo
622 1686 735 1739 corpore
747 1668 854 1739 majus:
1082 1675 1119 1722 40

210 1748 266 1802 Hic
277 1748 355 1803 subit
367 1753 395 1802 et
408 1749 520 1820 perfert.
554 1750 617 1804 Aut
628 1751 719 1804 virtus
730 1767 833 1804 nomen
845 1749 926 1803 inane
938 1751 992 1816 est,

211 1830 272 1882 Aut
284 1828 369 1884 decus
381 1833 410 1884 et
425 1831 549 1900 pretium
560 1833 637 1885 recte
647 1831 722 1900 petit
734 1829 878 1899 experiens
888 1828 939 1882 vir.

212 1909 311 1964 Coram
323 1929 386 1980 rege
399 1929 449 1965 suo
461 1910 495 1965 de
506 1915 671 1983 paupertate
684 1914 809 1966 tacentes

212 1991 279 2045 Plus
290 1995 422 2060 poscente
433 1992 525 2046 ferent
536 2013 543 2058 3
555 1993 643 2047 dstat
654 2009 785 2047 sumasne
796 1991 935 2062 pudenter

212 2071 260 2123 An
272 2072 371 2141 rapies.
406 2073 497 2142 Atqui
507 2090 602 2127 rerum
614 2076 700 2143 caput
712 2073 764 2127 hoc
776 2076 843 2140 erat,
855 2072 902 2126 hic
912 2072 982 2125 fons

213 2150 372 2205 “indotata
384 2153 453 2205 mihi
465 2170 544 2208 soror
555 2157 608 2222 est,
621 2154 788 2225 paupercule
799 2156 897 2221 meter,

213 2230 252 2283 Et
263 2230 367 2285 fundus
379 2250 431 2285 nec
442 2234 592 2288 vendibilis
604 2252 656 2288 nec
667 2251 779 2305 pascere
791 2234 912 2302 firmus,”

215 2309 271 2377 Qui
283 2311 361 2379 dicit,
374 2312 484 2381 elamat,
497 2313 643 2369 “Victum
655 2314 740 2368 dete.”
776 2314 901 2368 Succinit
913 2313 999 2367 elter:

218 2395 234 2422 “
244 2391 282 2445 Et
293 2392 364 2445 mihi
376 2392 489 2447 dividuo
500 2394 623 2449 findetur
634 2412 750 2449 munere
762 2394 886 2464 quadra?

215 2474 271 2528 Sed
282 2475 386 2528 tacitus
398 2476 474 2545 pesei
485 2476 510 2529 si
523 2479 619 2547 posset
631 2494 730 2531 corvus
741 2476 856 2531 heberet

215 2555 281 2610 Plus
293 2555 372 2625 dapis
384 2558 413 2609 et
425 2556 502 2611 rixae
513 2558 605 2612 multo
617 2558 712 2612 minus
725 2557 908 2626 invidiaeque.

216 2635 397 2688 Brundisium
409 2654 502 2690 eomes
513 2640 564 2691 eut
576 2638 744 2691 Surrentum
755 2637 856 2691 duetus
868 2653 1026 2703 amoenum,

218 2714 273 2782 Qui
285 2715 412 2785 queritur
423 2716 545 2771 salebras
557 2721 587 2771 et
598 2717 729 2772 acerbum
740 2718 828 2787 frigus
840 2720 869 2770 et
880 2717 994 2785 imbres,

216 2797 277 2849 Aut
289 2796 388 2849 cistam
400 2798 542 2852 effrectem
554 2801 584 2852 et
596 2799 735 2853 subducta
745 2798 846 2853 viatica
858 2797 958 2867 plorat,

216 2875 293 2931 Nota
304 2878 388 2930 refert
399 2879 555 2932 meretricis
566 2880 702 2947 acumine,
715 2896 797 2949 saepe
809 2878 943 2945 catellam,

217 2956 306 3026 Saepe
317 2957 508 3026 periscelidem
519 2962 630 3029 raptam
642 2958 696 3013 sibi
708 2958 812 3027 flentis,
823 2959 867 3013 uti
879 2975 944 3012 mox

217 3035 303 3089 Nulla
313 3036 382 3091 fides
395 3037 505 3093 demnis
517 3040 646 3109 verisque
658 3038 800 3093 doloribus
812 3038 893 3093 adsit.

217 3115 278 3167 Nec
289 3118 376 3169 semel
387 3119 485 3172 irrisus
496 3120 589 3173 triviis
600 3120 728 3173 attollere
739 3123 820 3174 curet

217 3194 318 3247 Fracto
330 3214 409 3251 crure
421 3200 544 3268 plenum,
556 3200 623 3253 licet
635 3200 676 3253 illi
688 3200 809 3269 plurime
821 3204 916 3253 menet

218 3272 351 3342 Inarime,
362 3294 414 3345 per
424 3281 553 3333 sanctum
561 3278 675 3349 juretus
687 3279 763 3334 dicat
775 3280 894 3335 Osirim:
