2342 3850
543 291 680 340 nomn
693 291 806 340 russel

362 420 488 476 Albanos
498 437 588 492 prope
599 423 630 474 te
641 419 718 474 iscus

394 503 484 556 Ponet
496 518 681 555 marmoream
693 499 747 556 sub
759 500 840 554 trabe
853 499 947 555 citrea»

358 582 420 637 Illic
430 582 552 652 plurima
563 581 679 636 neribus

393 663 487 717 Duces
497 662 590 729 thure,
602 662 733 733 lyraeque
745 665 775 717 et
787 661 968 734 Berecyntiae

358 741 538 798 Delectebere
550 742 638 797 tibiae

393 824 493 878 Mixtis
505 823 677 878 carminibus
688 841 746 879 non
758 823 818 878 sine
829 823 939 889 fistuls;

361 907 423 962 Illic
434 907 479 962 bis
490 907 571 977 pueri
583 906 629 961 die
1070 971 1075 984 ἱ

394 988 584 1050 Numemcum
595 988 702 1042 teneris
714 987 870 1059 virginibus
881 990 964 1042 tuum

359 1068 518 1123 Leudentes
529 1068 601 1139 pede
614 1067 731 1123 candido

393 1149 428 1203 In
440 1166 547 1204 morem
558 1149 664 1203 Salium
675 1153 721 1203 ter
731 1149 862 1220 quatient
874 1148 1000 1203 humum.

356 1231 404 1285 Me
415 1247 467 1284 nec
478 1231 583 1285 femine
594 1247 646 1284 nec
658 1247 729 1300 puer

392 1311 410 1366 J
411 1328 457 1366 em
469 1329 521 1366 nec
532 1329 598 1382 spes
610 1312 696 1366 enimi
709 1311 820 1367 credule
832 1311 933 1378 mutui,

359 1392 419 1448 Nec
431 1396 537 1446 certare
546 1392 630 1462 juvet
641 1409 719 1448 mero

394 1473 455 1528 Nec
465 1473 570 1528 vincire
582 1473 664 1528 novis
675 1477 805 1544 tempore
816 1472 939 1528 floribus.

366 1554 422 1609 Sed
433 1572 484 1609 cur
494 1555 557 1622 heu,
570 1552 709 1624 Ligurine,
721 1572 772 1608 cur

402 1635 499 1690 Manet
511 1653 572 1689 mre
583 1652 659 1689 mess
671 1635 784 1690 lecrime
796 1653 847 1706 per
857 1635 958 1707 genes?

369 1716 427 1771 Cur
438 1716 556 1770 iocunda
566 1733 667 1786 parurn
678 1715 778 1770 decoro

404 1796 483 1851 Inter
494 1796 580 1851 verbe
592 1795 668 1850 cedit
679 1797 773 1867 lingue
784 1795 913 1852 silentio?

368 1876 523 1933 Nocturnis
534 1895 584 1948 ego
597 1877 715 1933 somniis

402 1959 421 2013 J
422 1976 467 2013 em
479 1963 594 2029 ceptum
607 1963 696 2027 teneo,
705 1961 766 2030 jem
778 1957 918 2014 volucrem
931 1974 1034 2029 sequor

369 2040 408 2094 Te
421 2058 472 2110 per
483 2040 609 2110 gramine
619 2039 715 2094 Martii
896 2046 899 2051 '

404 2120 510 2191 Campi,
521 2124 552 2175 te
564 2115 615 2192 pbr
626 2138 719 2191 eques,
731 2120 806 2189 dure,
818 2121 963 2177 volubiles.

661 2437 699 2493 II.

368 2605 528 2659 Pnrnsnnu
540 2602 668 2673 quisquis
680 2602 778 2657 studet
789 2602 929 2671 semuleri,

369 2687 436 2754 Iule,
449 2686 550 2741 ceretis
562 2703 615 2757 ope
627 2685 764 2740 Daedalea

366 2768 478 2822 Nititur
490 2767 591 2838 pennis
602 2766 693 2821 vitreo
705 2765 822 2821 daturus

402 2847 525 2903 Nomine
536 2850 633 2918 ponto.

365 2928 463 2984 Monte
474 2928 624 2983 decurrens
637 2927 716 2983 velut
727 2928 819 2982 amnis
831 2927 936 2983 imbres

367 3010 458 3076 Quem
469 3026 554 3079 super
564 3012 647 3063 notes
660 3009 751 3064 eluere
763 3008 847 3080 ripas,

365 3092 469 3146 Fervet
480 3092 692 3160 immensusque
704 3090 763 3144 ruit
775 3087 917 3159 profundo

401 3172 538 3226 Pindarus
550 3188 605 3237 ore,

365 3252 472 3306 Lauros
483 3250 630 3306 donandus
641 3250 805 3320 Apollinari,

368 3332 425 3385 Seu
437 3349 488 3401 per
499 3330 618 3385 audaces
630 3346 703 3383 nove
715 3328 910 3401 dithyrambos
