2342 3850
387 293 514 344 monos
528 293 632 352 umus,
647 297 668 344 5.

178 424 346 494 Herbssque
358 440 429 493 quas
441 423 531 478 Ioloos
542 425 628 492 atque
639 421 756 478 Hiberia

216 506 310 560 Mittit
321 522 492 560 venenorum
503 504 587 571 ferax,

177 587 219 642 Et
229 604 293 642 ossa
302 587 338 641 ab
350 603 397 641 ore
408 588 489 657 rapta
497 586 608 656 jejunse
620 586 697 640 oanis

215 667 350 723 Flammis
361 667 441 722 aduri
453 667 596 722 Colchicis.

178 749 221 804 At
232 748 363 819 expedita
374 748 479 817 Sogane
489 764 540 817 per
550 751 641 801 totam
653 746 767 802 domum

215 829 352 900 Spargens
363 828 515 882 Avernales
526 845 612 897 eques

177 909 283 964 Honet
296 909 410 979 capillis,
422 912 456 962 ut
468 907 592 962 marinus
604 909 709 979 asperis

213 989 337 1044 Echinus
349 991 398 1043 aut
410 1006 524 1043 emmens
534 1005 608 1058 aper.

176 1070 288 1124 Abaeta
299 1070 377 1124 nulla
388 1069 459 1123 Veia
470 1069 638 1122 eonscientia

213 1150 365 1221 ligonibus
376 1150 453 1204 duris
463 1149 583 1202 humum

175 1231 365 1286 Exbamiebat
376 1231 520 1300 ingemens
530 1229 680 1298 laboribus,

213 1312 276 1379 Quo
287 1314 384 1382 posset
395 1312 517 1365 infossus
528 1327 599 1380 puer

175 1393 272 1462 Longo
284 1392 329 1447 die
340 1392 385 1446 bis
397 1396 496 1463 terque
507 1395 632 1446 mutatae
644 1391 722 1462 dapis

213 1473 336 1529 Inemori
347 1473 513 1544 spectando,

174 1555 250 1609 (lum
260 1555 433 1625 promineret
445 1570 493 1608 ore
504 1556 643 1623 quantum
654 1556 767 1608 exstant
778 1570 850 1625 aqua

211 1635 351 1706 Suspenso
362 1637 459 1690 mento
470 1652 599 1705 oorpora;

173 1717 301 1772 Exsueos
312 1717 357 1772 uti
367 1716 488 1770 medulla
499 1719 530 1770 et
540 1715 649 1770 aridum
658 1714 736 1784 jecur

178 1862 183 1874 .
211 1797 325 1852 Amoris
333 1800 408 1852 esset
418 1797 557 1868 poculum,

175 1879 364 1935 Intermineto
376 1895 440 1933 eum
452 1876 538 1934 semel
549 1878 620 1932 fixae
632 1877 694 1932 eibo

212 1960 407 2015 Intabuissent
418 1960 546 2031 pupulas.

172 2040 242 2095 Non
252 2040 374 2095 defixisse
385 2040 522 2094 masculae
533 2039 660 2095 libidinis

210 2124 419 2179 Ariminensem
430 2122 535 2177 Folium

171 2204 216 2257 Et
225 2205 317 2259 otiosa
328 2202 445 2257 credidit
456 2203 588 2274 Neapolis

210 2284 248 2338 Et
259 2301 342 2338 omne
353 2284 478 2337 vicinum
490 2284 633 2354 oppidum,

173 2365 254 2432 Quae
265 2365 357 2420 sidera
368 2368 515 2428 exsaniata
525 2382 593 2419 voce
604 2364 736 2419 Thessala

211 2446 375 2516 Lunamque
387 2446 461 2499 eaelo
473 2446 583 2515 deripit

111 2519 118 2527 ’
172 2526 232 2581 Hie
242 2528 409 2581 irreseetum
420 2542 502 2581 saeva
512 2526 596 2581 dente
607 2525 693 2581 livido

213 2606 327 2663 Canidia
337 2607 438 2661 rodens
449 2608 578 2678 pollioem

172 2687 251 2755 Quid
261 2688 334 2743 dixit
345 2692 396 2742 aut
407 2688 475 2758 quid
485 2689 595 2743 tacuitl
631 2689 678 2744 “0
690 2688 774 2745 rebus
786 2691 856 2743 meis

211 2769 276 2823 Non
286 2768 411 2824 infideles
422 2769 552 2838 arbitres,

171 2850 239 2904 Nox
252 2853 280 2904 et
291 2850 382 2904 Diana
393 2868 463 2920 quae
475 2850 620 2904 silentium
631 2849 704 2918 regis

210 2930 320 2985 Arcana
332 2948 396 2986 eum
407 2933 481 2985 fiunt
492 2948 575 2997 soora,

170 3012 265 3081 Nunc,
278 3030 354 3067 nuno
365 3013 468 3082 adeste,
480 3030 556 3066 nuno
566 3012 597 3066 in
608 3011 724 3067 hostiles
735 3011 831 3065 domos

209 3094 285 3148 Iram
296 3097 382 3164 atque
393 3111 499 3148 numen
510 3094 627 3147 vertite!

170 3175 372 3261 Formidplosis
384 3175 453 3230 dum
463 3175 554 3229 latent
565 3174 643 3229 silvie
653 3172 727 3227 ferae

208 3256 291 3311 Dulci
302 3274 401 3327 sopore
411 3256 564 3325 languidae,

171 3338 288 3407 Senem,
301 3338 377 3409 quod
388 3354 486 3392 omnes
497 3336 616 3403 rideant,
629 3333 786 3388 adulterum
939 3336 972 3387 57
