2342 3850
217 249 262 296 240
515 240 677 310 ‘nonsrn
690 241 802 290 umccr

217 375 289 429 Cum
301 372 488 428 lamentamur
498 386 556 424 non
568 387 702 441 apparere
714 371 822 426 labores

216 453 334 509 Nostros
346 454 376 506 et
387 451 467 504 tenui
479 449 598 504 deducta
608 455 738 521 poemata
750 452 811 516 filo;

216 533 289 590 Cum
301 547 444 604 speramus
456 548 489 585 eo
501 547 561 585 rem
573 534 721 585 venturam
733 535 768 585 ut
779 530 864 585 simul
876 536 960 601 atque

215 613 347 670 Carmina
357 612 485 668 rescieris
496 628 548 665 nos
560 612 665 681 fingere
677 612 840 666 commodus
851 613 926 666 ultro

215 697 355 763 massas,
368 698 397 750 at
409 710 488 764 egere
500 681 592 761 retes}
600 695 630 746 et
642 693 762 747 scribere
774 710 863 764 cogas.

215 776 270 830 Sed
282 779 378 830 tamen
390 779 434 829 est
446 791 545 844 operae
557 774 680 844 pretium
692 790 862 843 cognoscere,
873 774 969 844 quales

215 857 353 911 Aedituos
365 856 466 910 habeat
477 853 545 908 belli
557 857 684 924 spectata
695 853 827 924 domique

216 937 323 1007 Virtus,
336 937 450 1006 indigno
461 952 518 989 non
530 933 731 989 committenda
742 938 848 1005 poetae.

215 1017 320 1073 Gratus
333 1016 492 1072 Alexandro
504 1017 563 1086 regi
575 1016 677 1085 Magno
688 1015 744 1070 fuit
755 1016 804 1069 ille

215 1098 370 1168 Choerilus,
383 1098 499 1153 incultis
511 1095 560 1166 qui
573 1097 702 1152 versibus
714 1100 744 1150 et
755 1096 828 1150 mala
839 1096 913 1151 natis

215 1177 337 1235 Rettulit
349 1183 487 1250 acceptos,
498 1179 590 1248 regale
601 1178 747 1245 nomisma,
759 1177 909 1249 Philippos

214 1259 270 1315 Sed
281 1261 369 1315 veluti
380 1262 502 1314 tractata
513 1262 611 1313 notam
622 1259 769 1328 labemque
780 1260 933 1314 remittunt

215 1342 389 1410 Atramenta
400 1341 458 1395 fere
471 1339 624 1410 scriptores
636 1340 758 1394 carmine
769 1339 850 1394 foedo

215 1423 368 1494 Splendida
379 1423 453 1477 facta
464 1421 569 1476 linunt.
603 1420 683 1474 Idem
695 1438 744 1474 rex
755 1421 803 1474 ille
814 1426 913 1491 poema
983 1445 988 1458 ·

215 1504 271 1572 Qui
283 1509 343 1560 tam
354 1503 505 1558 ridiculum
516 1504 577 1555 tam
590 1518 652 1555 care
663 1501 796 1572 prodigus
807 1502 885 1570 emit,

214 1587 316 1643 Edicto
327 1583 420 1640 vetuit
432 1600 468 1637 ne
480 1583 544 1652 quis
556 1599 587 1636 se
598 1585 711 1653 praeter
722 1582 839 1653 Apellen

215 1664 497 1738 Pingeret,autalius
510 1661 634 1734 Lysippo
645 1662 834 1718 duceretaera
1072 1667 1132 1718 240

215 1747 310 1804 Fortis
321 1743 473 1801 Alexandri
484 1744 597 1797 vultum
609 1744 776 1798 simulantia.
811 1743 916 1810 Quodsi

214 1831 233 1884 J
234 1829 358 1884 odicium
370 1825 476 1881 subtile
486 1824 617 1879 videndis
628 1826 737 1880 artibus
748 1825 820 1880 illud

215 1910 262 1966 Ad
273 1910 359 1966 libros
371 1910 401 1963 et
413 1905 527 1962 adhaec
538 1905 686 1960 Musarum
697 1905 769 1961 dona
779 1923 900 1975 vocares,

214 1992 351 2047 Boeotum
362 1990 393 2043 in
406 2004 498 2043 crasso
506 1988 617 2058 jurares
629 1998 692 2043 aare
702 1991 809 2042 natum

215 2073 257 2127 nt
267 2088 358 2142 neque
371 2070 538 2125 dedecorant
550 2071 602 2122 tua
613 2068 648 2123 de
659 2086 690 2123 se
698 2068 805 2139 judicia
816 2072 900 2139 atque

215 2153 339 2220 Munera,
351 2168 422 2221 quae
434 2151 524 2205 multa
536 2148 631 2205 dantis
642 2167 707 2204 cum
718 2150 798 2205 laude
810 2151 936 2206 tulerrmt

215 2231 319 2287 Dilecti
330 2232 385 2286 tibi
397 2232 531 2301 Virgilius
542 2231 701 2301 Variusque
712 2236 826 2302 poetae;

214 2313 274 2368 Nec
285 2313 373 2382 magis
385 2312 509 2382 expressi
520 2312 618 2365 vultus
629 2329 679 2383 per
690 2317 775 2367 aenea
786 2313 872 2382 signa

215 2393 306 2461 Quam
317 2409 368 2463 per
378 2392 452 2446 vatis
464 2408 535 2462 opus
548 2409 642 2447 mores
652 2392 795 2462 animique
807 2394 932 2447 virorum

215 2473 360 2529 Clarorum
372 2474 514 2542 apparent.
550 2471 610 2525 Nec
621 2488 764 2526 sermones
775 2489 825 2543 ego
837 2472 949 2527 mallem

215 2553 356 2625 Repentes
368 2570 420 2623 per
430 2552 550 2606 humum
562 2570 647 2622 quam
659 2571 704 2607 res
715 2571 880 2624 componere
891 2558 993 2625 gestas,

215 2634 417 2703 Terrarumque
430 2632 503 2686 situs
516 2634 545 2686 et
557 2633 676 2688 fiumina
687 2634 786 2703 dicere,
798 2637 828 2687 et
839 2651 917 2688 arces

215 2714 362 2770 Montibus
373 2713 529 2784 impositas,
542 2715 572 2767 et
583 2713 702 2769 barbara
713 2732 803 2785 regns,
815 2715 931 2784 tuisque

216 2796 357 2867 Auspiciis
369 2798 464 2849 totum
476 2794 604 2849 confecta
616 2795 707 2850 duella
717 2814 768 2867 per
778 2796 882 2864 orbem,

216 2878 397 2946 Claustraque
410 2876 554 2929 custodem
566 2876 643 2947 pacis
655 2877 814 2931 cohibentia
824 2876 843 2931 J
844 2894 935 2944 anum,

216 2958 254 3013 Et
264 2957 443 3012 formidatam
455 2955 566 3011 Parthis
577 2961 608 3011 te
620 2958 746 3029 principe
757 2957 883 3025 Romam,
1159 2911 1161 3002 i

215 3038 246 3095 Si
258 3041 396 3109 quantum
408 3054 539 3106 cuperem
550 3055 663 3108 possem
675 3055 800 3109 quoque;
817 3038 867 3092 sed
878 3056 969 3109 neque
980 3057 1103 3109 parrum

216 3116 335 3172 Carmen
347 3116 479 3187 majestas
491 3119 592 3189 recipit
603 3122 654 3174 tua
665 3137 716 3175 nec
729 3136 809 3173 meus
820 3118 905 3173 audet

215 3194 286 3250 Rem
297 3200 407 3251 tentare
419 3197 510 3267 pudor
523 3215 609 3268 quam
620 3200 694 3254 vires
705 3199 778 3253 ferre
789 3203 924 3255 recusent

215 3276 354 3331 Sedulitas
366 3280 461 3332 autem
473 3279 560 3333 stulte
573 3296 657 3351 quem
670 3280 763 3351 diligit
775 3285 863 3351 urget,
1070 3287 1123 3336 260
