2342 3850
350 300 572 350 memnon
586 301 608 352 I.
622 303 645 354 ⁷.
903 305 948 350 218

42 431 128 485 Forte
137 447 191 501 per
201 432 349 500 sugestum
361 430 457 484 tenuis
467 429 616 500 vulpecula
626 430 728 486 rimam

42 515 181 586 Repserat
191 513 224 569 in
235 531 376 568 cumeram
386 513 531 582 frumenti,
543 517 680 584 pesteque
691 531 789 572 rursm
913 521 947 570 30

36 598 176 662 helerus
186 598 270 669 pleno
280 596 416 652 tendebat
427 614 543 668 corpore
553 597 676 664 hustre3
785 619 793 634 ⁶

42 681 96 736 Oui
106 682 231 737 mustela
241 682 346 752 procul,
358 685 376 713 ‘⁴
383 681 413 736 Si
423 682 492 750 vis,”
505 681 555 750 ait,
568 684 584 712 “
594 681 714 751 effugere
724 681 818 751 istinc,

40 762 135 817 Maure
146 778 247 818 cavum
256 765 367 833 repetes
379 765 475 816 artum
486 779 572 833 quem
582 779 676 816 maora
687 762 814 818 subist'n'’

41 843 104 898 Hae
114 861 167 914 ego
178 844 206 899 si
216 844 367 914 compellor
377 843 499 913 imagine
510 845 613 898 elmete
624 843 751 913 resign03

41 925 102 979 Nee
112 941 247 980 somnum
258 924 349 996 plebis
359 923 442 979 laudo
454 927 533 980 satur
544 923 675 993 altilium,
686 941 739 980 nee

41 1005 108 1060 Otin
119 1005 229 1061 divitiis
239 1005 366 1060 Arabum
376 1005 519 1060 libenima
529 1008 618 1060 muto.
715 1057 719 1068 ,

42 1089 130 1160 Saepe
141 1088 331 1144 verecundum
341 1088 472 1157 laudasti,
483 1104 588 1158 rexque
599 1091 735 1159 paterque

40 1169 160 1226 Audisti
169 1186 271 1238 eoram,
282 1187 335 1224 neo
344 1168 430 1224 verbo
441 1167 552 1239 parcius
563 1168 681 1224 absens:

42 1249 156 1321 Inspiee
167 1250 194 1306 si
203 1267 319 1320 possum
330 1249 433 1304 donata
443 1266 577 1320 reponere
589 1249 689 1304 laetus.

41 1331 127 1385 Hand
138 1331 212 1386 male
222 1331 411 1399 Telemachus,
424 1331 518 1401 proles
528 1330 663 1401 patientis
674 1330 770 1386 Ulixei
781 1351 788 1386 :
912 1337 947 1386 40

41 1416 57 1442 ‘⁴
65 1411 133 1466 Non
146 1415 191 1466 ent
202 1414 287 1484 aptus
296 1413 377 1482 equis
388 1411 485 1466 Ithace
496 1411 582 1480 loeus,
594 1415 628 1465 ut
640 1429 731 1482 neque
742 1413 834 1483 planis

41 1492 191 1548 Porreetus
201 1493 302 1563 spatiis
311 1510 364 1547 neo
374 1493 482 1548 multae
493 1491 627 1563 prodigus
638 1493 740 1548 herbae
751 1513 759 1561 3

41 1574 154 1642 Atride,
165 1573 253 1643 magis
264 1577 331 1644 apta
341 1573 397 1628 tibi
407 1577 458 1627 tua
468 1572 543 1628 dona
557 1573 734 1643 relinquem.”

42 1653 165 1707 Parvum
174 1669 260 1723 parva
271 1653 385 1719 deoent;
401 1654 473 1708 mihi
483 1654 543 1724 jam
554 1671 612 1709 non
623 1655 698 1724 regia
709 1655 804 1722 Roma,

43 1733 99 1786 Sed
107 1750 229 1788 vaenum
239 1733 328 1788 Tibur
338 1735 430 1805 planet
441 1738 492 1789 aut
503 1734 615 1789 imbelle
627 1735 787 1790 Tarentum.

43 1815 180 1869 Strenuus
191 1817 222 1869 et
229 1814 312 1869 fortis
323 1815 470 1886 nouemque
481 1814 629 1886 Philippus
641 1815 755 1886 agendis

44 1896 142 1952 Clarus
154 1895 189 1951 ab
202 1896 300 1953 officiis
312 1900 439 1952 octavam
450 1896 563 1953 oiroiter
573 1897 672 1953 horam

43 1977 118 2032 Dum
128 1976 212 2046 indit,
224 1980 310 2048 atque
321 1978 394 2033 Foro
404 1979 526 2033 nimium
537 1978 643 2034 distare
656 1978 771 2033 (larinas

42 2058 107 2113 Jam
116 2058 231 2129 grandis
245 2063 316 2113 natu
328 2060 463 2129 queritur,
473 2059 626 2129 conspexit,
637 2063 671 2115 ut
682 2060 770 2129 aiunt,

42 2140 183 2194 Adresum
194 2139 334 2209 quendam
346 2157 433 2195 vanua
443 2141 721 2196 tonsorisinumbra
910 2146 945 2195 50

42 2219 163 2275 Gultello
174 2221 303 2291 proprios
313 2224 480 2292 purgantem
490 2220 593 2275 leniter
603 2238 717 2292 ungues

43 2302 325 2372 “Demetri‚”-puer
335 2302 381 2356 hio
392 2318 449 2356 non
460 2302 538 2356 laeve
546 2302 627 2373 jussa
637 2302 761 2376 Philippi

42 2383 321 2453 decipiebat—“abi
334 2400 435 2454 quaere
447 2386 477 2438 et
487 2382 567 2452 refer,
579 2383 655 2438 unde
663 2385 755 2455 domo,
767 2386 840 2457 q'uis,

43 2463 130 2533 Cujus
140 2464 278 2532 fortunae,
290 2480 346 2533 quo
357 2464 398 2518 sit
409 2467 489 2535 patre
501 2481 592 2533 quove
603 2466 744 2535 patrono.”

42 2544 78 2613 It,
90 2544 167 2600 nedit
177 2548 208 2599 et
218 2548 321 2611 narrat,
332 2544 477 2599 Volteium
488 2544 602 2598 nomine
613 2544 736 2613 Menam,

41 2626 217 2695 Preeoonem
228 2626 309 2681 tenui
320 2643 414 2695 oensn,
426 2626 488 2680 sine
499 2626 625 2694 erimine,
639 2628 741 2681 notum

41 2706 78 2761 Et
88 2723 240 2778 properare
250 2706 311 2761 loeo
322 2710 352 2761 et
363 2710 471 2761 cessare
483 2710 513 2761 et
524 2723 658 2777 quaerere
670 2709 699 2761 et
710 2706 764 2776 uti,

42 2787 221 2843 Gaudentem
231 2788 380 2858 parvisque
392 2786 533 2842 sodalibus
547 2790 577 2841 et
588 2788 646 2841 lare
658 2790 736 2842 celto

40 2868 77 2922 Et
87 2868 167 2924 ludis
177 2871 208 2923 et
219 2872 285 2940 post
296 2868 388 2923 deoisa
398 2868 511 2938 negotia
521 2867 636 2938 Campo.

40 2950 169 3005 “Scituri
178 2949 250 3004 libet
261 2966 295 3004 ex
307 2949 369 3019 ipso
379 2948 565 3019 quodcunque
576 2948 680 3015 refers3
698 2947 743 3003 dio
910 2949 945 2998 60

40 3030 87 3086 Ad
97 3047 216 3086 noenum
226 3030 343 3085 veniat”
377 3029 442 3085 Non
454 3047 521 3085 sane
532 3028 644 3084 eredere
655 3029 745 3095 Mena,

39 3112 140 3167 Mirari
149 3128 247 3167 seeum
258 3112 370 3167 tacitus.
406 3111 481 3179 Quid
492 3110 602 3165 multal
638 3113 655 3141 “
662 3107 809 3179 Benigne,”

39 3192 212 3263 Respondet.
245 3191 361 3261 “Neget
375 3191 423 3247 ille
439 3190 548 3245 mihil’'
584 3190 701 3260 “Negat
717 3188 863 3260 improbus
875 3193 904 3244 et
916 3193 945 3243 te

39 3273 165 3345 Negligit
175 3276 227 3329 aut
237 3272 356 3328 horret.'’
390 3272 535 3329 Volteium
546 3290 629 3327 mane
641 3271 789 3343 Philippus

40 3353 115 3409 Vilia
125 3354 297 3411 vendentem
308 3354 435 3411 tunioato
446 3357 541 3410 scruta
551 3353 664 3425 popello
