2342 3850
358 259 578 308 EPIS'POLARUM
593 259 627 308 Π.
642 261 665 308 1.
908 260 952 308 2³0

2 371 3 396 ¹
36 391 154 446 Verum
166 389 271 460 equitis
282 407 392 460 quoque
401 391 460 460 jam
471 390 604 460 migravit
615 389 651 445 eb
663 406 729 445 eure
741 389 871 460 voluptas

37 472 148 527 Omnis
160 471 196 526 ed
208 472 330 526 incertos
342 472 436 526 oculos
449 475 478 526 et
489 471 591 542 gaudie
601 489 680 526 vene

37 555 189 621 Quattuor
200 547 249 606 eut
261 553 356 622 plures
368 552 462 606 eulaeo
474 556 643 622 premuntur
654 551 684 606 in
696 551 786 618 horas,

35 635 121 687 Dum
133 633 246 702 tugiunt
259 633 387 702 equitum
398 635 508 687 turmae
519 632 703 712 peditumque
715 635 857 700 catervce3
902 637 953 688 190

36 715 110 768 Mox
121 713 247 768 trahitur
259 713 389 767 menibus
401 730 497 782 regum
509 712 622 766 fortune
633 714 755 781 retortis,

36 795 150 850 Emeda
161 795 306 863 festinent,
315 794 432 864 pilenta,
444 793 590 864 petorrita,
603 811 696 863 neves,

37 876 198 946 Captivum
210 877 339 945 portetur
350 874 427 942 ebur,
440 873 552 944 captiva
564 874 725 930 Corinthus.

38 957 69 1010 Si
83 957 162 1010 foret
173 955 205 1009 in
216 955 298 1008 terris
310 954 413 1008 rideret
425 954 612 1023 Democritus,
622 971 673 1008 seu

38 1039 199 1092 Diversum
211 1035 324 1090 confuse
335 1053 422 1105 genus
433 1035 570 1106 panthera
582 1036 695 1104 camelo,

38 1120 110 1172 Sive
122 1118 240 1188 elephas
251 1117 330 1171 albus
342 1117 418 1186 vulgi
431 1119 607 1170 converteret
619 1134 666 1172 ore
673 1137 682 1182 ;

38 1200 193 1269 spectaret
205 1197 342 1268 populum
353 1195 428 1250 ludis
440 1197 579 1250 attentius
591 1197 671 1268 ipsis,

39 1279 84 1333 Ut
96 1278 156 1333 sibi
169 1277 350 1348 praebentem
361 1277 449 1330 mimo
460 1278 619 1346 spectacula
629 1279 727 1349 plum

38 1361 203 1429 Scriptores
215 1361 310 1412 autem
322 1374 433 1411 narrare
444 1361 557 1428 putaret
569 1359 656 1412 asello

38 1439 190 1494 Fabellam
202 1437 292 1492 surdo.
327 1437 401 1492 Nem
413 1455 483 1507 quse
495 1439 657 1508 pervincere
668 1455 749 1494 voces
900 1443 952 1494 200

37 1521 183 1576 Evnluere
194 1536 293 1573 sonum
306 1519 430 1572 referrmt
442 1536 527 1588 quem
539 1522 638 1574 nostra
648 1521 776 1576 theetrel

38 1605 208 1671 Garganum
220 1601 326 1670 mugire
338 1602 422 1670 putes
434 1617 534 1653 nemus
546 1602 596 1654 eut
607 1617 683 1655 mere
694 1601 825 1669 meeum,

37 1683 137 1736 Tanto
150 1697 216 1734 eum
227 1680 349 1751 strepitu
360 1679 420 1733 ludi
432 1683 597 1750 spectentur
608 1684 638 1734 et
648 1684 723 1736 artes

37 1763 226 1830 Divitieeque
237 1760 405 1830 peregrinae,
419 1760 521 1829 quibus
534 1760 639 1814 oblitus
651 1766 729 1817 ector

38 1845 120 1899 Cum
131 1841 217 1896 stetit
228 1841 258 1894 in
270 1857 352 1894 scene
364 1841 504 1894 concurrit
516 1839 630 1894 dextere
640 1841 741 1896 laevae.

37 1926 127 1981 Dixit
138 1922 232 1979 adhuc
243 1922 363 1993 eliquidl
399 1921 448 1976 Nil
459 1940 533 1977 sene.
568 1921 643 1990 Quid
654 1925 745 1996 placet
757 1923 838 1994 ergo?

38 2010 123 2063 lene
134 2004 287 2058 Tarentino
299 2004 386 2057 violes
398 2003 509 2058 imitate
520 2022 635 2059 veneno.

38 2090 85 2142 Ac
97 2104 137 2141 ne
148 2085 224 2139 forte
235 2087 318 2155 putes
330 2100 376 2137 me
388 2101 458 2153 quee
469 2084 559 2139 fecere
571 2086 632 2155 ipse
645 2102 771 2140 recusem

39 2171 121 2224 (lum
132 2170 210 2222 recte
222 2168 346 2219 tractent
357 2165 405 2218 elii
416 2165 528 2219 laudere
540 2167 672 2236 maligne:

39 2252 97 2305 Ille
109 2265 164 2319 per
175 2250 322 2301 extentum
333 2246 429 2299 funem
442 2246 512 2299 mihi
525 2263 607 2318 posse
618 2247 731 2301 videtur
901 2254 953 2304 210

40 2332 89 2385 Ire
102 2330 198 2399 poeta,
210 2344 305 2380 meum
317 2326 366 2396 qui
377 2330 477 2395 peetus
489 2328 611 2381 inaniter
621 2328 706 2397 ungit,

39 2411 155 2477 irritet,
169 2408 282 2475 mulcet,
294 2406 372 2463 falsis
384 2407 539 2462 terroribus
551 2408 659 2478 implet,

40 2491 86 2545 Ut
98 2504 210 2557 magus,
223 2490 252 2540 et
264 2486 346 2539 modo
358 2504 404 2540 me
416 2486 527 2555 Thebis,
539 2488 623 2542 modo
634 2488 716 2559 ponit
728 2489 857 2544 Athenis.

39 2572 154 2626 Verum
167 2585 215 2637 ege
228 2571 258 2621 et
269 2567 314 2621 his
326 2568 375 2637 qui
387 2584 417 2621 se
428 2568 527 2622 lectori
538 2569 649 2623 eredere
661 2570 770 2623 malunt

40 2653 138 2719 Quam
151 2648 319 2719 spectatoris
330 2647 443 2702 fastidia
454 2648 526 2702 ferre
538 2650 653 2719 superbi

40 2734 152 2786 Omum
165 2728 250 2783 redde
262 2728 384 2795 brevem,
395 2729 420 2782 si
433 2746 536 2783 munus
548 2730 679 2800 Apolline
691 2730 807 2800 dignum

39 2814 97 2867 Vis
111 2809 254 2880 complere
266 2809 345 2864 libris
358 2812 388 2863 et
398 2811 511 2865 vatibus
523 2810 623 2865 addere
636 2812 731 2880 cnlcer,

40 2895 85 2949 Ut
98 2890 197 2947 studio
209 2890 312 2960 majore
324 2894 423 2961 petent
435 2892 570 2945 Helicone
581 2893 727 2948 virentem.

38 2974 138 3029 Multa
151 2970 266 3041 quidem
279 2970 361 3025 nobis
372 2971 490 3026 facimus
502 2973 575 3026 male
587 2990 668 3043 saepe
681 2977 787 3044 poetae,

39 3056 97 3125 (Ut
108 3053 208 3107 vineta
220 3056 330 3122 egomet
342 3052 453 3107 caedem
464 3054 546 3124 mee,)
559 3070 625 3107 cum
635 3054 690 3108 tibi
701 3054 805 3108 librum
900 3060 952 3112 220

38 3132 174 3191 Sollicito
186 3131 285 3186 demus
297 3136 346 3186 eut
358 3133 446 3200 feseo3
465 3150 528 3186 eum
540 3134 677 3188 laedimur
688 3152 777 3188 unum

39 3218 71 3271 Si
84 3215 154 3286 quis
166 3213 319 3267 amicorum
332 3217 375 3267 est
387 3231 471 3268 ausus
483 3214 684 3286 reprehendere
695 3232 823 3282 versum;

40 3298 119 3352 Cum
131 3295 195 3349 loca
203 3292 263 3364 jem
274 3293 391 3349 recitate
402 3295 571 3349 revolvimus
581 3295 742 3361 irrevocati3
