2342 3850
358 338 535 388 omumuu
549 339 619 400 nro,
627 341 666 400 24,

238 460 326 528 Qune
337 465 502 532 portentum
512 479 603 534 neque
613 461 744 518 militur-ie

236 541 437 596 Dauniuelatie
448 543 498 597 ulit
508 543 664 611 eeeenletin

239 622 299 677 Neo
308 621 328 676 J
329 622 400 676 ubee
411 622 495 678 tellus
506 627 621 696 generat
631 623 746 678 leonum

273 704 362 760 Aridn
371 705 478 764 nutrix.

239 784 313 840 Pone
323 803 370 840 me
381 785 469 856 pigris
479 784 530 840 ubi
541 784 618 840 nulle
628 786 735 858 oumpie

239 864 332 920 Arbor
342 865 450 920 aestiva
459 868 602 920 recreatur
612 883 687 934 eurr,

240 945 321 1014 Quod
331 947 407 1002 letus
417 947 517 1000 mundi
528 946 646 1002 nebnlne
657 947 801 1017 malusque

273 1027 407 1099 luppiter
417 1030 514 1097 urget;

238 1106 314 1162 Pone
325 1107 382 1162 sub
391 1125 478 1164 ounu
488 1108 611 1162 nimium
621 1108 774 1180 propinqui

240 1193 314 1250 Solis
325 1195 356 1250 in
367 1199 443 1250 terre
453 1195 585 1250 domibus
596 1199 709 1266 negate:

240 1273 328 1330 Dulce
340 1276 478 1330 ridentem
490 1275 609 1347 Inlegen
619 1275 728 1344 amabo,

277 1355 366 1412 Duloe
376 1356 544 1427 loquentem

455 1657 565 1714 XXIIL

242 1813 332 1868 ans
342 1811 476 1867 hinnuleo
488 1829 534 1866 me
545 1811 654 1880 similitu
666 1809 758 1880 chloe,

244 1892 395 1961 Quaerenti
406 1892 537 1965 pavidum
549 1891 697 1947 montibus
708 1891 779 1948 eviie

278 1974 399 2029 Matrem
410 1991 467 2028 non
479 1974 540 2027 eine
551 1990 625 2027 vano

312 2056 452 2111 durarum
464 2058 493 2109 et
505 2054 592 2111 eiliee
603 2059 689 2110 metu

242 2137 316 2192 Num
327 2155 379 2192 eeu
390 2136 542 2192 mobilibus
553 2137 630 2191 veris
640 2137 781 2192 inhorruit

243 2217 390 2272 Adventus
402 2216 476 2272 foliis
488 2233 539 2271 eeu
550 2216 655 2272 virides
665 2217 768 2273 rubum

280 2298 429 2361 Dimovere
440 2297 565 2366 lacertae,

313 2380 350 2433 Et
361 2379 444 2433 eorde
455 2382 485 2433 et
495 2379 614 2449 genibus
625 2378 730 2434 tremit.

244 2460 333 2530 Atqui
344 2476 403 2514 non
414 2476 464 2529 ego
475 2462 506 2513 te
517 2459 599 2531 tigris
610 2462 644 2513 ut
655 2476 753 2530 aspere

244 2540 414 2594 Gaetulusve
426 2538 470 2594 leo
481 2534 605 2609 frangere
616 2555 781 2613 persequorr

280 2619 406 2674 Tandem
417 2619 512 2674 desine
523 2623 645 2675 matrem

316 2700 495 2771 Tempestiva
506 2701 585 2771 sequi
597 2700 665 2755 viro.

378 2968 384 3017 ἐ
473 2962 580 3019 XXIV.

249 3117 322 3185 Qum
333 3116 472 3173 desiderio
483 3118 521 3173 eit
533 3118 624 3188 pudor
635 3120 685 3174 eut
697 3116 797 3173 modus

250 3196 320 3251 Tem
331 3196 389 3253 oeni
402 3196 517 3267 oepitiel
535 3196 665 3268 Preeoipe
677 3195 808 3266 lugubres

251 3275 365 3348 (lentus,
378 3276 560 3349 Melpomene,
573 3278 619 3331 oui
631 3276 768 3346 liquidum
778 3278 860 3349 peter

285 3358 393 3415 Vocem
405 3375 470 3414 cum
482 3358 589 3415 cithero
600 3356 685 3412 dedit
