2342 3850
351 301 530 350 omnnium
544 301 587 351 IV.
596 303 635 351 14.

186 429 266 486 Felix
277 433 344 502 post
355 430 494 499 Oinurum,
505 434 629 500 notique
641 433 670 484 et
682 430 787 486 ortium

188 513 342 568 Gruterum
353 511 451 566 isuiesi
486 511 542 566 Sed
554 509 671 566 Oinsrse
682 511 781 568 breves

220 595 319 649 Annos
330 595 389 648 fate
400 592 545 661 dederunt,

255 674 406 728 Servatum
417 673 468 728 diu
478 690 576 744 parom

186 754 315 808 Cornicis
326 754 438 808 vetulae
449 754 627 824 temporibus
639 755 739 826 Lyoen,

183 835 303 889 Possent
314 838 349 888 ut
357 835 476 904 juvenes
487 837 578 890 visere
590 835 691 890 fervidi

218 916 312 970 Multo
323 932 383 969 non
394 916 456 970 sine
466 916 528 970 risu

254 996 401 1068 Dilapsum
411 997 442 1050 in
454 997 561 1051 eineres
572 997 668 1052 fecem.

443 1334 522 1390 XIV.

183 1475 271 1540 Qum
282 1490 351 1527 euru
361 1477 476 1544 petrum
488 1489 595 1544 quaeve
607 1475 763 1541 Quiritium

182 1555 278 1609 Plenis
288 1555 429 1608 honorum
440 1553 604 1609 munoribus
615 1560 688 1622 tuus,

220 1634 357 1705 Auguste,
368 1635 493 1689 virtutes
505 1635 536 1689 in
545 1653 646 1691 sevum

256 1715 309 1770 Per
319 1714 421 1769 titulos
433 1732 626 1787 memoresque
638 1717 727 1772 iustos

183 1798 332 1864 Aeternet,
343 1813 429 1866 oque
440 1797 483 1852 sol
494 1797 662 1852 habitabiles

186 1876 319 1931 Illustrat
330 1893 394 1931 orus
405 1877 526 1932 maxime
537 1878 716 1951 principum?

221 1959 313 2025 Quem
323 1958 394 2027 legis
404 1962 535 2029 expertes
545 1960 660 2015 Intinse

255 2038 398 2094 Vindelici
409 2038 532 2094 didioere
543 2058 634 2113 nuper

183 2118 261 2185 Quid
271 2118 363 2175 Marte
375 2136 479 2189 posses
513 2120 605 2175 Milite
617 2138 682 2177 nem
693 2126 745 2179 tuo

182 2200 295 2254 Drusus
306 2200 464 2269 Genaunos,
475 2202 657 2272 implacidum
669 2221 763 2273 genus,

220 2280 401 2350 Breunosque
411 2281 529 2351 veloces,
542 2286 572 2336 et
585 2300 663 2339 eroes

254 2354 380 2432 'Alpibus
390 2362 538 2433 impositus
549 2364 705 2419 tremendis

182 2442 295 2513 Dejecit
306 2462 370 2498 eoer
380 2444 444 2514 plus
456 2446 517 2500 vioe
528 2447 666 2517 simpliei3

183 2524 276 2593 Major
287 2524 433 2582 Neronum
445 2543 511 2581 mox
523 2544 606 2597 greve
617 2528 756 2598 proelium

222 2604 373 2659 Commisit
384 2605 578 2677 immanesque
590 2608 692 2663 Raetos

257 2686 404 2756 Auspiciis
415 2688 526 2758 pepulit
537 2690 675 2757 secundis,

183 2767 362 2838 Speotuudus
372 2769 404 2822 in
415 2770 569 2824 certamine
580 2770 693 2840 Martio,

182 2848 297 2902 Devots
307 2849 395 2901 morti
407 2852 522 2920 pectore
532 2849 636 2907 liberae

220 2928 341 2994 Quantis
352 2929 486 2999 fatigaret
496 2932 588 2986 ruinis
597 2952 604 2997 ;

256 3006 414 3064 indomitas
425 3028 512 3081 prope
524 3013 615 3081 quelis
626 3014 716 3069 undas

182 3090 304 3145 Exercet
316 3089 430 3159 Auster,
441 3092 587 3148 Pleiadum
599 3096 683 3150 choro

184 3169 338 3225 Scindente
350 3171 448 3239 nubes,
461 3174 581 3245 impiger
591 3175 718 3231 hostium

220 3250 329 3307 Vexare
341 3255 451 3307 turmas
463 3256 493 3308 et
503 3255 671 3311 frementem

257 3332 375 3388 Mittere
388 3350 492 3404 equum
504 3337 612 3391 medios
624 3354 674 3405 per
686 3338 769 3407 ignes.

904 305 949 352 109
