2342 3850
357 262 581 311 EPISTULARUM
595 261 616 311 Ι.
632 265 669 316 17.
919 267 963 312 225

45 392 181 462 Naviget
192 408 226 446 ao
236 391 335 446 mediis
345 391 451 447 hiemet
462 395 602 448 mereator
613 393 643 446 in
654 393 739 448 undis
749 413 757 460 ;

43 473 194 525 Annonae
205 472 294 542 prosit
305 492 312 537 ;
329 475 424 541 portet
435 472 577 527 frumenta
589 490 741 544 penusque.

43 553 105 607 Vir
117 552 215 606 bonus
227 556 256 606 et
267 554 379 622 sapiens
390 552 504 608 audebit
516 553 607 608 dioere
619 572 624 608 :
642 558 657 584 ‘⁶
666 554 801 622 Pentheu‚

43 635 159 688 Rector
172 634 338 703 Thebarum,
351 634 419 704 quid
430 653 477 689 me
487 635 610 706 perferre
621 635 736 706 patique

44 715 209 785 Indignum
218 714 339 784 oogesl”
363 715 516 769 “Adimam
527 715 624 771 bona”
649 714 781 786 “Nempe
790 731 884 786 pecus,
895 733 960 780 rem,

43 797 165 862 Lectos,
177 800 340 864 argentum:
357 796 440 850 tollas
451 796 541 850 lieet”
578 799 596 828 “
606 796 640 850 In
652 796 769 851 manicis
781 800 810 850 et

44 876 248 948 Compedibus
259 893 341 930 saevo
352 879 382 930 te
394 876 449 931 sub
461 876 578 931 custode
590 876 716 931 tenebo.”

44 963 62 988 “
73 959 147 1028 lpse
160 957 232 1010 deus
243 957 327 1011 simul
338 960 424 1027 atque
435 957 527 1012 volam
539 973 585 1010 me
597 957 708 1012 solvet.”
743 955 849 1028 Opinor

45 1039 116 1093 Hoc
129 1038 238 1092 sentit:
258 1042 274 1069 “
282 1038 403 1104 Moriar3
420 1055 496 1092 mors
508 1039 610 1093 ultime
620 1039 695 1093 linea
706 1055 800 1094 rerum
813 1039 879 1093 est.’'

464 1360 559 1416 XVII.

46 1519 205 1584 Quamvrs,
216 1513 325 1582 Scaeva,
336 1514 406 1568 satis
418 1517 509 1585 perte
520 1513 575 1568 tibi
587 1513 716 1582 consulis,
725 1518 756 1569 et
766 1515 822 1570 sois

45 1599 115 1665 Quo
128 1596 247 1650 tandem
258 1600 343 1666 paeto
354 1594 450 1650 deeeat
461 1594 613 1665 majoribus
624 1595 677 1663 uti,

46 1679 147 1744 Diade,
160 1675 303 1730 doeendus
314 1675 412 1743 adhue,
424 1692 495 1746 quae
506 1678 603 1730 eenset
613 1674 758 1744 amitinus,
770 1678 804 1730 ut
816 1676 839 1729 si

46 1759 164 1813 Caecus
174 1756 231 1810 iter
242 1758 398 1810 monstrare
409 1755 495 1822 velit3
513 1758 611 1810 tamen
621 1755 732 1827 adspice
744 1757 769 1811 si
782 1756 849 1827 quid

46 1839 86 1893 Et
99 1855 159 1893 nos
171 1836 248 1907 quod
259 1854 339 1891 eures
350 1837 497 1908 proprium
509 1836 607 1892 fecisse
619 1836 773 1906 loquamur.

48 1920 79 1975 Si
91 1923 127 1974 te
139 1921 222 1989 grate
233 1917 312 1988 quies
324 1920 353 1971 et
364 1918 485 1989 primam
496 1935 613 1973 somnus
625 1917 655 1973 in
666 1917 764 1973 horam

48 2002 197 2067 Delectat,
209 1999 234 2053 si
245 2002 274 2052 te
286 2000 379 2069 pulvis
390 2000 582 2069 strepitusque
595 2002 729 2066 retamim,

49 2083 79 2136 Si
90 2080 186 2136 laedit
199 2096 331 2151 caupona,
343 2078 525 2134 Ferentinum
536 2079 578 2132 ire
585 2077 690 2148 jubebo
700 2098 708 2144 ;

49 2166 129 2220 Nam
142 2180 237 2234 neque
249 2162 385 2217 divitibus
397 2162 564 2232 contingunt
575 2161 673 2232 gaudia
684 2162 759 2231 solis,

49 2246 113 2301 Nee
125 2244 204 2299 vixit
214 2243 286 2297 mele
298 2242 632 2313 quinatusmoriensque
644 2241 749 2299 fefellit.
931 2248 963 2297 10

49 2327 79 2380 Si
90 2323 234 2397 prodesse
245 2324 304 2377 tuis
316 2324 455 2393 pauloque
466 2322 614 2392 benignius
625 2323 719 2393 ipsum

50 2408 89 2460 Te
101 2408 232 2461 tractare
245 2405 329 2472 voles,
341 2402 455 2457 aooedes
466 2402 558 2457 sioous
569 2402 605 2457 ad
615 2406 741 2459 unctum.

50 2491 65 2517 ‘⁴
74 2488 107 2542 Si
119 2484 276 2557 pranderet
287 2484 348 2537 olus
360 2484 500 2555 patienter
510 2483 623 2553 regibus
635 2484 679 2537 uti

50 2568 155 2622 Nollet
166 2564 354 2635 Aristippus'’
389 2563 443 2617 “Si
454 2564 540 2618 sciret
550 2563 662 2633 regibus
674 2564 717 2619 uti

50 2646 212 2703 Fastidiret
224 2645 285 2699 olus
297 2645 346 2715 qui
357 2662 403 2699 me
414 2644 519 2699 notat.”
554 2643 655 2699 Utrius
667 2644 768 2699 horum

50 2729 152 2785 Verba
163 2726 267 2799 probes
278 2730 308 2780 et
319 2726 393 2780 faeta
404 2725 482 2794 doce,
494 2725 539 2778 vel
546 2724 643 2794 junior
654 2724 719 2780 audi

50 2810 109 2864 Oui
121 2808 166 2863 sit
178 2805 321 2877 Aristippi
332 2805 427 2876 potior
437 2804 595 2868 sententia;
611 2820 733 2874 nemque

50 2888 219 2945 Mor-dacem
231 2886 367 2957 Cynicum
378 2886 420 2940 sie
432 2885 567 2952 eludebat,
578 2888 613 2939 ut
624 2884 719 2939 siunt:

50 2974 68 3001 “
76 2973 203 3026 Seurror
215 2985 264 3037 ego
276 2968 336 3037 ipse
348 2967 427 3033 mihi,
440 2966 543 3037 populo
554 2969 607 3030 tu;
622 2965 727 3019 rectius
739 2963 792 3017 hoo
803 2966 832 3015 et

49 3049 238 3123 splendidius
250 3048 340 3102 multo
352 3050 403 3101 est.
437 3047 535 3114 Equus
546 3049 580 3100 ut
592 3063 637 3099 me
649 3046 751 3117 portet,
764 3042 820 3097 alat
833 3060 888 3109 ser,
925 3046 958 3095 20

51 3132 190 3187 Officium
202 3129 290 3182 fnoio:
307 3132 342 3182 tu
353 3128 446 3198 poseis
457 3126 637 3193 vitiaremur,

51 3214 149 3268 Dante
162 3210 259 3265 minor
271 3210 399 3279 quamvis
410 3208 467 3263 fers
477 3210 508 3261 te
518 3206 624 3261 nullius
636 3202 786 3274 egentem?

51 3294 157 3349 Omnis
169 3290 350 3360 Aristippum
363 3289 458 3345 decuit
470 3288 545 3343 color
556 3291 585 3341 et
598 3289 689 3341 status
701 3287 729 3338 et
741 3300 794 3350 res,

501 3388 520 3436 Q
