2342 3850
473 250 568 297 256
1131 255 1402 305 ΗΟΒΔΤῙῙ
1426 258 1653 307 FLACCI

474 377 592 432 Nec
616 378 913 435 minimum
935 399 1189 439 meruere
1212 385 1381 442 decus
1404 389 1641 459 vestigia
1664 389 1872 446 Graeca

473 459 615 514 Ausi
638 460 885 517 deserere
909 467 968 517 et
991 465 1266 522 celebrare
1289 466 1593 524 domestica
1614 471 1778 540 facta,

460 1516 563 1572 Vel
587 1516 684 1586 qui
705 1519 1022 1586 praetextas
1045 1517 1135 1571 vel
1159 1517 1255 1586 qui
1279 1516 1512 1572 docuere
1536 1520 1773 1589 togatas.

456 1598 513 1652 Ν
515 1616 578 1653 ec
599 1600 811 1653 virtute
835 1597 981 1651 foret
1004 1597 1233 1652 clarisve
1256 1599 1548 1669 potentius
1572 1601 1745 1654 armis

455 1680 636 1747 Quam
658 1680 847 1749 lingua
869 1678 1114 1747 Latium,
1137 1679 1187 1732 si
1208 1696 1323 1732 non
1346 1680 1652 1735 offenderet
1674 1699 1853 1736 unum

461 1760 751 1830 Quemque
775 1763 1066 1829 poetarum
1089 1759 1255 1814 limae
1279 1759 1437 1836 labor
1461 1765 1521 1815 et
1543 1779 1717 1816 mora.
1787 1763 1921 1830 Vos,
1946 1781 1981 1818 o

452 1840 756 1910 Pompilius
779 1840 1018 1908 sanguis,
1045 1856 1267 1894 carmen
1288 1842 1677 1910 reprehendite
1700 1843 1851 1914 quod
1871 1862 1988 1900 non

451 1919 632 1975 Multa
655 1920 772 1975 dies
796 1925 854 1974 et
877 1920 1057 1975 multa
1079 1919 1250 1976 litura
1273 1923 1517 1978 coercuit
1540 1927 1709 1994 atque

449 2001 766 2056 Perfectum
789 2002 970 2056 decies
993 2019 1107 2055 non
1131 2002 1423 2072 castigavit
1445 2004 1517 2058 ad
1539 2022 1799 2075 unguem.

451 2080 746 2151 Ingenium
769 2082 972 2136 misera
993 2081 1124 2152 quia
1146 2082 1489 2138 fortunatius
1513 2088 1634 2139 arte

449 2161 640 2216 Credit
665 2166 723 2215 et
746 2162 992 2216 excludit
1015 2180 1181 2217 sanos
1204 2163 1469 2217 Helicone
1494 2168 1689 2235 poe‘tas

445 2242 816 2311 Democritus,
841 2244 988 2298 bona
1010 2260 1139 2309 pars
1163 2260 1277 2297 non
1302 2261 1517 2314 ungues
1540 2262 1747 2315 ponere
1772 2249 1949 2316 curat,

444 2321 502 2375 N
503 2338 576 2375 on
597 2322 842 2388 barbam,
870 2326 1084 2377 secreta
1105 2324 1253 2394 petit
1275 2324 1408 2393 loca,
1432 2325 1630 2379 balnea
1652 2326 1813 2380 vitat.

442 2402 809 2458 Nanoisoetur
832 2405 984 2458 enim
1005 2406 1254 2475 pretium
1276 2422 1589 2475 nomenque
1611 2410 1826 2475 poetae,

443 2485 503 2541 Si
525 2484 711 2539 tribus
734 2486 1021 2556 Anticyris
1044 2490 1218 2557 caput
1239 2485 1547 2541 insanabile
1570 2504 1863 2558 nunquam

443 2567 675 2622 Tonsori
698 2567 888 2623 Licino
912 2568 1271 2623 commiserit.
1344 2567 1392 2622 Ο
1417 2586 1516 2638 ego
1539 2568 1743 2636 laem,

440 2648 550 2715 Qui
572 2666 777 2719 purgor
800 2647 971 2702 bilem
994 2647 1103 2701 sub
1125 2647 1286 2702 verni
1309 2649 1587 2719 temporis
1610 2648 1834 2703 horam!

436 2728 569 2783 Non
591 2730 736 2784 alius
756 2729 962 2783 faceret
985 2728 1214 2783 meliora
1235 2731 1508 2799 poemata.
1575 2729 1790 2785 Verum

435 2810 493 2866 N
493 2811 535 2865 il
557 2811 704 2866 tanti
728 2814 830 2864 est.
898 2809 1044 2879 Ergo
1066 2810 1267 2879 fungar
1288 2809 1411 2864 vice
1435 2808 1595 2878 cotis,
1618 2812 1849 2863 acutum

436 2891 686 2947 Reddere
707 2908 850 2961 quae
872 2889 1086 2945 ferrum
1109 2891 1259 2945 valet
1282 2907 1473 2945 exsors
1494 2890 1619 2960 ipsa
1640 2888 1895 2956 secandi;

434 2972 644 3027 Munus
669 2974 728 3026 et
751 2971 997 3026 officium
1019 2970 1104 3025 nil
1127 2971 1382 3025 scribens
1404 2971 1528 3042 ipse
1551 2969 1775 3038 doceb0‚

433 3053 601 3107 Unde
623 3056 890 3123 parentur
913 3068 1061 3121 opeS,
1086 3052 1223 3121 quid
1244 3052 1359 3106 alat
1381 3052 1696 3121 formetque
1718 3052 1975 3121 poe'tam3

433 3133 580 3199 Quid
603 3132 811 3200 deceat,
836 3131 972 3200 quid
994 3147 1108 3184 non
1120 3150 1135 3196 3
1169 3148 1283 3201 quo
1306 3132 1503 3199 virtus,
1526 3149 1639 3202 quo
1660 3132 1807 3185 ferat
1830 3147 1999 3184 error.

428 3212 714 3265 Scribendi
737 3214 885 3265 recte
910 3228 1100 3281 sapere
1125 3214 1215 3265 est
1239 3214 1299 3265 et
1321 3212 1663 3283 principium
1687 3214 1747 3265 et
1769 3211 1921 3266 fons:

425 3290 568 3344 Rem
590 3289 700 3344 tibi
721 3290 1025 3345 Socraticae
1047 3294 1318 3362 poterunt
1343 3292 1635 3348 ostendere
1658 3293 1899 3362 chartae,

2165 1691 2267 1742 290
2309 1677 2310 1713 ³

2159 2496 2266 2547 300

2153 3300 2266 3351 310
