2342 3850
231 269 275 316 212
536 269 673 319 nonum
686 271 799 320 mucor

229 397 267 464 Si,
279 397 463 452 Mimnermus
474 399 518 452 uti
530 402 634 468 censet,
647 400 707 454 sinc
719 417 813 454 umore
821 399 949 471 jocisque

230 478 280 532 Nil
291 483 336 533 est
344 479 509 549 jucundum,
520 481 600 534 vivus
612 481 643 534 in
655 499 748 536 amore
758 482 893 552 jocisque.

229 560 310 628 Vive,
322 561 389 640 vele.
425 561 455 615 Si
467 561 536 630 quid
546 563 653 616 novisti
665 563 770 617 rectius
783 563 847 617 istis

231 640 373 696 Candidus
384 642 514 712 imperti3
533 643 558 696 si
570 659 628 697 non
640 643 685 698 his
696 648 777 698 utere
788 661 907 698 mecum.

650 971 715 1027 vu.
741 957 744 966 '

228 1117 365 1182 Qumcuu
376 1117 437 1172 dies
448 1117 503 1171 tibi
515 1117 659 1188 pollicitus
670 1135 716 1171 me
728 1135 792 1172 rure
804 1117 942 1184 furuum,

228 1197 363 1252 Sextilem
375 1202 469 1253 totum
480 1199 600 1254 mendax
613 1198 761 1253 desideror.
796 1198 886 1269 Atqui

229 1278 259 1331 Si
271 1296 316 1334 mc
327 1280 421 1333 vivere
432 1280 476 1333 vis
487 1296 588 1333 senum
600 1281 730 1348 recteque
741 1278 888 1347 valentem,

229 1359 319 1424 Quam
331 1361 403 1414 mihi
415 1361 465 1415 das
476 1378 556 1430 aegro
568 1359 648 1414 dabis
659 1363 800 1430 aegrotare
812 1360 934 1428 timenti,

228 1440 381 1510 Maecenas,
393 1441 512 1509 veniam,
525 1441 594 1494 dum
605 1441 674 1494 ficus
687 1441 779 1510 prims
791 1441 919 1510 colorque

228 1521 440 1590 Designetorem
453 1521 565 1575 decorat
580 1521 727 1575 lictoribus
738 1521 814 1590 stris,

228 1601 305 1655 Dum
316 1602 411 1672 pueris
422 1602 514 1656 omnis
525 1604 607 1672 peter
618 1605 648 1655 et
660 1601 812 1655 matercula
822 1602 918 1672 pellet,

228 1681 410 1751 Officioseque
422 1681 556 1736 sedulitas
569 1685 599 1736 ct
610 1682 701 1752 opella
712 1681 829 1737 forensis

228 1762 352 1816 Adducit
363 1763 455 1817 febres
467 1766 496 1816 et
507 1765 679 1816 testamenta
691 1763 820 1832 resignet

228 1843 335 1908 Quodsi
346 1843 446 1897 brume
457 1843 536 1897 nives
548 1842 667 1897 Albanis
678 1843 769 1898 illinet
781 1843 860 1913 egris,

228 1923 274 1977 Ad
285 1942 362 1980 merc
373 1923 524 1979 descendet
535 1927 614 1979 vetes
626 1929 694 1979 tuus
707 1927 736 1979 et
748 1923 802 1979 sibi
813 1928 909 1996 puroet

227 2004 451 2075 Oontmctusque
462 2006 536 2074 leget
546 2026 554 2072 ;
570 2008 609 2073 tc,
621 2005 711 2060 dulcis
723 2005 820 2074 amice,
832 2006 936 2060 reviset

227 2084 299 2137 (lum
311 2085 456 2157 Zephyris,
468 2086 493 2140 si
505 2085 647 2153 concedes,
660 2089 689 2139 et
701 2085 851 2139 hirundine
862 2087 961 2156 primu

227 2164 292 2219 Non
305 2183 360 2235 quo
372 2184 450 2221 more
464 2167 535 2236 piris
547 2167 622 2221 vesci
635 2166 751 2221 Oalsber
759 2166 842 2236 jubet
853 2166 956 2236 hospes

227 2244 270 2299 Tu
282 2263 328 2299 me
338 2246 431 2301 fecisti
442 2247 619 2317 locupletem.
655 2249 672 2278 “
680 2247 799 2302 Vcsccrc
815 2246 919 2301 sodes.”

227 2326 316 2380 “Jam
328 2328 399 2381 setis
411 2330 477 2383 est''
512 2327 576 2382 “At
588 2331 622 2382 tu
631 2330 769 2397 quantum
781 2327 825 2381 vis
836 2327 925 2381 tolle.”
962 2328 1136 2401 “Benigne''
1154 2326 1155 2357 l

228 2407 316 2461 “Non
328 2408 419 2463 invise
430 2409 503 2464 feres
514 2408 610 2479 pueris
621 2408 787 2462 munuscula
798 2408 915 2479 parvis’'

226 2490 243 2517 “
251 2487 321 2542 Tem
332 2492 430 2543 teneor
442 2490 523 2559 dono,
535 2506 620 2560 quem
632 2490 657 2543 si
669 2488 798 2543 dimittar
809 2488 954 2543 onustus.”
1034 2528 1037 2531 -

228 2568 297 2623 “Ut
308 2570 378 2624 libet
388 2590 396 2636 ;
412 2571 481 2625 hooc
492 2571 585 2642 porcis
597 2569 679 2624 hodie
692 2568 862 2623 comedendo
872 2570 1042 2639 relinques.''

226 2650 359 2721 Prodigus
371 2655 400 2705 et
412 2653 519 2723 stultus
530 2652 618 2707 donst
632 2668 703 2720 quae
713 2650 823 2721 spernit
834 2652 865 2704 et
876 2650 953 2714 odit3
1105 2657 1137 2705 20

226 2732 303 2786 Haec
315 2750 393 2803 seges
405 2736 530 2801 ingratos
539 2734 610 2787 tulit
621 2735 650 2787 et
662 2733 734 2787 feret
746 2732 876 2786 omnibus
888 2732 977 2786 annis.

227 2813 279 2867 Vir
290 2814 380 2869 bonus
392 2817 422 2868 et
433 2815 544 2885 sepiens
556 2814 647 2884 dignis
659 2813 700 2868 eit
711 2830 772 2867 esse
783 2816 906 2883 paratus,

225 2894 254 2947 N
254 2912 285 2948 ec
296 2899 392 2950 temen
404 2897 514 2966 ignorat
525 2896 595 2967 quid
607 2895 715 2950 distent
727 2912 790 2949 sera
800 2893 923 2964 lupinis:

226 2978 350 3047 Dignum
361 2980 509 3049 praestabo
520 2996 566 3033 me
578 2978 664 3033 etiam
676 2994 728 3048 pro
740 2976 821 3031 leude
833 2976 976 3031 merentis.

226 3058 332 3122 Quodsi
344 3077 390 3113 me
401 3060 480 3114 noles
491 3076 611 3130 usquam
623 3058 772 3127 discedere,
784 3057 883 3112 reddes

225 3137 309 3191 Forte
321 3139 405 3208 intus,
417 3140 512 3209 nigros
523 3142 641 3209 ungusta
651 3139 744 3193 fronte
757 3139 881 3209 capillos,

225 3215 334 3270 Reddes
346 3219 426 3273 dulce
437 3219 522 3290 loqui,
534 3218 634 3273 reddes
644 3219 736 3274 ridere
748 3220 890 3287 decorum,
902 3222 931 3273 et
977 3230 979 3235 ’

225 3293 304 3346 Inter
315 3296 380 3349 vina
390 3298 485 3367 fugem
497 3299 614 3353 Cinarae
624 3316 749 3355 maerere
761 3304 916 3371 protervae.
