2342 3850
537 294 674 346 nouam
688 297 803 347 itacui

631 655 714 713 VIII.

217 822 233 848 “
243 817 288 872 Ur
297 815 444 874 Nasidieni
452 817 529 889 juvit
540 822 570 876 te
583 837 667 874 coena
679 819 773 876 bestii

218 897 247 952 N
248 916 294 953 am
305 900 375 954 mihi
387 900 533 971 quaerenti
544 901 691 956 convivam
703 900 797 955 dictus
809 899 874 955 here
886 899 945 956 illic

217 977 260 1034 Dc
272 979 365 1034 medio
377 984 474 1051 potare
486 980 555 1036 dia''
593 981 665 1035 “Sic
676 984 711 1036 ut
722 980 793 1034 mihi
804 998 950 1051 nunquam

219 1061 254 1115 In
266 1063 327 1118 vita
337 1063 423 1119 fuerit
433 1064 558 1120 melius.”
594 1067 610 1096 “
619 1065 668 1132 Da,
680 1065 706 1118 si
718 1081 799 1135 grave
811 1081 868 1118 non
880 1068 932 1134 est,

219 1142 296 1208 Quae
306 1143 398 1214 prima
407 1144 512 1200 Iratum
522 1147 651 1199 ventrem
662 1144 814 1216 placarent
825 1144 908 1198 esoa”

218 1226 234 1253 “
245 1221 280 1276 In
291 1224 391 1293 primis
402 1224 529 1280 Lucanus
540 1242 623 1296 aper3
640 1225 696 1280 leni
708 1225 765 1280 fuit
776 1226 883 1280 Austro

219 1303 334 1375 (laptus,
345 1309 379 1361 ut
390 1306 483 1362 aiebat
495 1323 595 1362 coenae
606 1310 702 1376 pater;
719 1306 793 1361 acria
804 1306 909 1360 circum

219 1383 333 1456 Raphia
344 1386 475 1453 lactucae,
489 1385 604 1454 radices,
617 1386 708 1457 qualia
719 1387 825 1441 lassum

218 1465 378 1520 Pervellnnt
389 1466 573 1534 stomachum,
584 1467 662 1536 siser,
675 1468 751 1535 allec,
762 1467 867 1522 faecula
880 1467 944 1522 Oea.

218 1547 334 1602 Hisubi
346 1547 464 1602 sublatis
475 1564 546 1618 puer
556 1547 613 1602 alte
626 1549 734 1603 cinctus
747 1565 875 1603 acernam
1086 1553 1116 1606 10

219 1627 347 1698 Gausape
358 1644 500 1698 purpureo
512 1644 638 1682 mensam
650 1629 791 1699 pertersit,
804 1632 834 1683 et
845 1629 915 1683 alter

219 1707 347 1778 Sublegit
358 1708 543 1779 quodcunque
552 1707 660 1778 jaceret
671 1709 773 1764 inutile
786 1710 916 1781 quodque

219 1789 318 1844 Posset
329 1793 477 1845 coenantes
489 1790 630 1845 offendere
636 1810 643 1857 ;
661 1793 694 1844 ut
706 1789 804 1845 Attica
815 1791 892 1861 virgo

218 1869 292 1923 Cum
303 1871 390 1927 sacris
402 1871 509 1927 Cereris
520 1872 648 1943 procedit
659 1871 754 1927 fuscus
766 1870 914 1945 Hydaspes

218 1951 347 2007 Caecuba
357 1954 424 2008 rins
433 1954 534 2023 ferens,
546 1954 637 2014 Alcon
649 1953 752 2009 Chium
764 1955 850 2009 maris
862 1972 969 2024 expers.

218 2031 273 2087 Hic
285 2032 381 2090 herus:
399 2034 549 2102 Albanum,
560 2035 713 2103 Maecenas,
726 2035 786 2090 sive
798 2035 947 2089 Falernum

217 2111 257 2165 Te
268 2114 357 2184 magis
369 2116 505 2186 appositis
517 2114 645 2183 delectat,
657 2115 792 2169 habemus
804 2114 980 2185 utrumque.''

216 2193 362 2249 “Divitias
373 2198 501 2251 mIserasl
537 2194 593 2249 Sed
605 2195 669 2266 quis
681 2196 865 2250 coenantibus
876 2212 942 2264 una,

218 2273 354 2339 Fundani,
367 2278 483 2349 pulchre
493 2276 579 2331 fucrit
590 2276 652 2344 tibi,
664 2293 747 2331 nosse
758 2275 873 2331 laboro.'’

217 2359 234 2385 “
243 2356 376 2412 Summus
388 2374 438 2428 ego
449 2360 479 2412 et
490 2374 577 2429 prope
589 2374 634 2411 me
647 2356 748 2412 Viscus
760 2356 901 2411 Thurinus
912 2359 942 2411 et
954 2354 1028 2413 Infra
1084 2358 1117 2409 20

217 2436 248 2491 Si
260 2438 376 2493 memini
387 2438 504 2505 Varius3
521 2456 587 2494 cum
599 2438 715 2493 Servilio
727 2438 873 2493 Balatrone

218 2516 357 2585 Vibidius,
369 2534 439 2587 quas
450 2519 596 2573 Maecenas
608 2518 762 2573 adduxerat
774 2518 896 2571 umbras.

216 2598 411 2654 Nomentanus
423 2603 484 2654 erat
496 2616 580 2669 super
592 2599 694 2669 ipsum,
706 2598 819 2652 Porcius
832 2598 906 2653 iufra

217 2678 362 2735 Ridiculus
373 2683 449 2735 totas
460 2680 547 2735 semel
559 2678 707 2735 obsorbere
719 2678 876 2748 placentasg

216 2760 411 2816 Nomentanus
422 2760 458 2815 ad
469 2760 530 2827 hoc,
542 2760 626 2830 quisi
639 2758 707 2829 quid
720 2758 792 2813 forte
804 2758 906 2812 lateret
986 2810 989 2815 .

215 2841 313 2896 Indice
324 2843 494 2897 monstraret
505 2840 606 2911 digito:
625 2856 690 2895 nam
702 2843 794 2894 cetere
805 2837 896 2905 turbs,

215 2922 283 2989 Nos,
295 2922 419 2992 inquam,
432 2938 581 2976 coenamus
593 2938 666 2989 aves,
680 2920 830 2992 conchylia,
842 2920 942 2991 pisces,

215 3002 309 3071 Longe
321 3002 486 3056 dissimilem
497 3005 566 3055 noto
578 3002 696 3056 celantia
708 3018 837 3067 sucoum;

216 3080 260 3135 Ut
266 3083 316 3143 sel
327 3082 460 3137 continuo
471 3082 571 3153 patuit,
583 3100 648 3137 cnm
660 3082 780 3153 passeris
792 3084 877 3153 atquo

216 3160 365 3228 ingustata
376 3162 447 3217 mihi
459 3162 682 3234 porrexerstilia
694 3162 814 3216 rhombi.
1085 3164 1117 3217 ³0

214 3239 284 3291 Post
295 3240 349 3295 hoc
359 3260 405 3297 me
417 3244 514 3298 docuit
526 3243 666 3297 melimela
677 3243 777 3298 rubere
790 3244 928 3297 minorem

214 3317 259 3370 Ad
270 3318 366 3376 lunam
378 3322 492 3381 delecta
526 3321 602 3389 Quid
613 3322 666 3379 hoc
678 3324 792 3383 intersit
804 3324 840 3380 ab
852 3324 914 3394 ipso
