2342 3850
385 325 573 374 mmmm
587 325 608 376 L
621 327 647 376 4.

64 452 158 522 Fecit·
164 456 196 507 et
206 453 356 508 incolumis
367 453 457 509 luetor
468 454 545 525 quod
555 454 629 509 vivit
640 455 671 510 in
681 454 752 511 urbe
762 475 771 524 ;

62 534 116 589 Sed
127 539 226 590 temen
237 535 367 604 admiror,
380 552 437 607 quo
447 541 530 607 pecto
538 535 678 607 judicium
689 537 760 592 illud

62 615 201 686 Fugerit”
236 617 787 688 Hionigroeeuccueloliginin,heeoest
918 626 969 678 100

61 697 175 768 Aerugo
187 713 271 751 meru
305 696 387 764 Quod
397 699 501 753 vitium
512 699 609 769 procul
621 701 697 754 efore
710 700 815 756 chortis

61 777 158 848 Atque
169 779 266 833 animo
276 779 362 849 prius,
375 782 409 833 ut
420 779 446 833 ei
457 778 527 848 quid
538 780 705 850 promittere
717 779 752 835 de
763 799 810 836 me

61 856 181 912 Possum
191 857 269 911 uliud
278 874 350 926 vere,
363 859 507 929 promitto.
541 859 670 915 Liberius
682 861 708 916 ei

62 938 167 993 Dixere
179 938 256 1009 quid,
271 939 296 994 ei
305 939 380 994 forte
388 939 520 1010 joooeiue‚
532 941 586 995 hoc
597 941 668 996 mihi
676 941 749 1011 juris

64 1019 137 1073 011111
147 1020 231 1074 venie
241 1019 333 1075 dabie:
351 1021 476 1076 insuevit
487 1025 568 1092 peter
579 1023 705 1093 optimus
717 1023 770 1078 hoc
780 1041 835 1095 me,

63 1100 105 1154 Ut
116 1101 244 1171 fugerem
254 1103 390 1172 exemplis
401 1103 535 1157 vitiorum
547 1119 674 1174 quaeque
686 1102 817 1160 notendo.

63 1179 136 1235 Cum
146 1199 195 1236 me
207 1180 377 1246 hortaretur,
389 1199 480 1253 perce,
492 1182 646 1252 frugaliter,
658 1185 744 1252 etque

62 1259 196 1315 Viverem
207 1261 251 1314 uti
263 1265 413 1317 contentus
424 1279 457 1316 eo
468 1263 545 1332 quod
556 1263 598 1316 mi
612 1262 672 1334 ipse
684 1266 810 1333 poneret
819 1279 826 1318 :

63 1341 188 1396 “Nonne
201 1342 280 1398 vides
291 1343 358 1398 Albi
369 1347 405 1397 ut
415 1344 487 1398 mele
498 1344 576 1399 vivat
587 1345 669 1412 filius,
681 1347 770 1414 utque

61 1420 165 1476 Burrus
175 1423 278 1494 inopel
304 1425 438 1495 Magnum
449 1425 650 1479 documentum
661 1442 698 1479 ne
709 1425 831 1496 patrium
841 1443 902 1481 rem
915 1431 966 1482 110

61 1502 179 1558 Perdere
191 1505 256 1575 quie
266 1505 357 1560 velit.”
392 1506 420 1559 A
431 1507 509 1576 turpi
519 1507 677 1561 meretricie
689 1523 782 1562 amore

61 1582 134 1638 eum
146 1584 317 1640 deterreret:
335 1589 354 1618 “
362 1586 475 1642 Soeteni
487 1587 633 1642 dissimilis
645 1586 707 1641 uie?

60 1662 103 1717 Ne
114 1682 250 1736 sequerer
261 1667 392 1722 moechas
404 1685 534 1722 concesse
544 1685 610 1722 cum
621 1685 723 1722 venere
734 1669 779 1723 uti

60 1743 191 1800 Possem:
209 1746 371 1818 “Deprenei
383 1764 440 1803 non
452 1749 524 1803 belle
534 1753 579 1803 eet
591 1749 665 1804 ieme
676 1749 823 1820 Treboni?

58 1825 170 1881 Aiebat.
207 1827 350 1899 “Sapiens
360 1829 453 1882 vitatu
465 1829 589 1899 quidque
599 1829 694 1899 petitu

59 1905 101 1960 Sit
112 1907 217 1963 melius
228 1926 325 1963 causae
337 1909 438 1964 reddet
447 1909 519 1966 tibi:
536 1909 578 1964 mi
590 1910 660 1965 setis
672 1913 716 1965 est
728 1911 753 1967 11

58 1986 208 2043 'liuditum
219 1990 387 2060 abantiquis
396 2008 504 2045 morem
515 2008 625 2045 servare
636 1995 779 2062 tuamque,

58 2067 134 2123 Dum
145 2070 274 2124 cumtodie
285 2087 357 2141 eges,
368 2071 458 2125 vitem
468 2072 627 2141 famemque
638 2072 712 2126 tueri

57 2148 235 2205 incolumem
245 2168 376 2221 possum3
392 2151 478 2206 simul
490 2170 523 2207 ec
534 2151 676 2207 duraverit
688 2155 764 2207 cetos

56 2229 185 2286 Membra
196 2232 377 2303 animumque
388 2236 471 2287 tuum
482 2232 564 2288 nobie
575 2233 636 2288 sine
648 2234 772 2288 cortice.”
799 2233 845 2288 Sic
857 2252 902 2290 mo
913 2238 964 2289 120

56 2310 210 2367 Formebat
220 2330 340 2383 puerum
350 2314 434 2368 dictis
445 2335 452 2380 ;
470 2318 500 2369 et
510 2315 570 2368 eive
578 2314 697 2384 jubebat

56 2390 96 2445 Ut
106 2392 233 2447 facerem
245 2394 328 2462 quid:
346 2397 364 2425 “
371 2394 465 2448 Hebes
477 2398 621 2449 auctorem
632 2412 688 2466 quo
698 2396 782 2451 facies
793 2395 847 2451 hoc
855 2398 876 2464 ;’'

55 2471 154 2528 Unum
167 2492 205 2527 ex
212 2474 354 2543 judicibm
366 2477 477 2531 selectis
489 2476 654 2546 objiciebet3

55 2552 117 2609 Sive
129 2554 265 2609 vetabat:
282 2555 354 2609 “An
364 2556 418 2611 hoc
428 2557 610 2611 inhonestum
621 2560 650 2611 et
662 2556 762 2613 inutile
773 2558 850 2613 fectu

54 2633 150 2689 Neone
161 2636 205 2689 sit
215 2634 370 2705 addubites,
382 2637 481 2707 flagret
491 2655 602 2692 rumore
614 2639 687 2693 melo
700 2656 764 2693 cum

54 2714 107 2769 Hic
118 2720 211 2787 etque
222 2716 290 2771 illel
323 2716 431 2772 Avidos
441 2719 565 2773 vicinum
576 2719 662 2773 fimus
674 2723 703 2774 et
715 2736 810 2790 aegros

53 2794 214 2864 Emnimat
226 2797 381 2868 mortisque
392 2801 472 2853 metu
483 2799 539 2854 eibi
550 2816 661 2870 parcere
674 2801 764 2871 cogit;

53 2876 95 2931 Sic
106 2882 227 2932 teneros
238 2878 346 2933 animos
356 2879 446 2933 aliene
457 2880 605 2951 opprobrie
616 2898 698 2951 seepe

52 2960 229 3014 Absterrent
239 2960 338 3013 vitiie”
372 2961 415 3015 Ex
426 2962 480 3015 hoo
492 2979 541 3031 ego
552 2980 638 3017 senus
649 2963 751 3017 abillis

52 3037 212 3095 Perniciem
223 3057 403 3111 quaecunque
414 3042 517 3110 ferunt,
529 3042 716 3097 mediocribus
728 3042 833 3111 etquis
910 3038 961 3095 130

52 3118 189 3189 ignosces
201 3120 278 3174 vitiis
289 3124 386 3176 teneor
392 3142 400 3187 ;
415 3122 543 3176 fortensis
555 3127 585 3177 et
595 3123 680 3177 istinc

51 3198 181 3271 largiter
192 3198 342 3255 abstulerit
351 3202 433 3271 longe
444 3206 528 3272 oeteo,
540 3203 613 3258 liber
623 3204 737 3271 amicus,

52 3280 214 3336 Consilium
226 3283 371 3352 proprium
377 3303 385 3349 ;
402 3284 580 3354 nequeenim
592 3302 656 3339 cum
668 3281 786 3337 lectulus
797 3287 848 3337 eut
858 3300 904 3339 me

51 3361 185 3419 Porticus
198 3362 309 3433 excepit
319 3363 419 3419 derum
430 3363 508 3419 mihi.
543 3368 561 3396 “
568 3364 683 3419 Rectius
694 3364 747 3417 hoc
758 3366 818 3421 eet:
