2342 3850
214 317 260 364 244
531 311 668 362 nomm
679 313 792 362 ffloeI

215 436 364 495 caedimur
376 442 405 494 et
416 438 535 494 totidem
547 440 638 511 plagis
650 440 842 494 consumimus
852 437 965 494 hostem

214 521 305 576 Lento
317 521 458 576 Samnites
470 520 506 576 ad
517 521 626 576 lumina
637 521 728 591 prima
740 520 840 574 duello.

213 602 334 657 Discedo
346 603 464 656 Alcaeus
475 604 581 671 puncto
592 601 687 667 illius;
703 601 751 654 ille
762 618 825 654 meo
837 601 900 670 quis
911 599 922 653 l

214 682 285 750 Quis
296 683 352 737 nisi
364 682 548 737 Callimachus
558 681 568 736 l
604 682 635 735 Si
646 682 711 751 plus
721 680 872 750 adposcere
882 682 971 747 risus,
1071 686 1127 734 100

214 763 262 818 Fit
273 763 458 818 Mimnermus
470 766 500 816 et
512 762 609 832 optivo
622 761 785 831 cognomine
796 761 904 814 crescit

213 844 305 898 Multa
315 844 374 898 fero
386 846 419 896 ut
431 842 540 913 placem
551 858 641 912 genus
652 841 788 896 irritabile
799 844 905 908 vatum,

214 923 287 978 Cum
299 922 390 978 scribo
402 924 432 977 et
444 923 563 992 supplex
575 923 676 993 populi
687 922 817 991 suffrsgia
828 924 927 992 cepto;

129 1065 133 1072 .
214 1003 302 1072 Idem,
315 1004 406 1060 finitis
418 1003 522 1057 studiis
533 1007 563 1058 et
576 1006 672 1057 mente
684 1006 803 1073 recepta,

214 1085 352 1140 Obturem
363 1085 474 1156 patulas
486 1084 603 1153 impune
613 1083 771 1152 legentibus
782 1101 870 1138 aures

214 1165 352 1220 Ridentur
363 1165 437 1220 msla
448 1164 497 1235 qui
510 1167 683 1235 componunt
695 1165 834 1230 carmina3
852 1181 952 1218 verum

214 1245 344 1301 Gaudent
356 1246 509 1302 scribentes
522 1248 551 1299 et
563 1262 594 1298 se
605 1247 782 1313 venerantur,
794 1249 824 1299 et
834 1245 917 1313 ultro,

213 1325 243 1380 Si
255 1329 357 1394 taceas,
369 1325 485 1380 laudant
496 1325 635 1396 quidquid
646 1327 782 1397 scripsere
793 1326 877 1380 beati

213 1407 254 1460 At
266 1407 315 1476 qui
326 1406 483 1476 legitimum
492 1407 587 1477 cupiet
598 1407 699 1461 fecisse
710 1411 809 1478 poema

213 1486 286 1540 (lum
297 1487 402 1541 tabulis
413 1487 539 1542 animum
551 1488 675 1542 censoris
686 1492 781 1543 sumet
793 1487 905 1542 honesti
911 1507 920 1553 ;
1068 1492 1126 1542 110

213 1566 339 1622 Audebit
351 1585 531 1638 quaecunque
543 1585 644 1638 perum
655 1568 812 1639 splendoris
823 1569 968 1624 habebunt

213 1647 251 1700 Et
263 1649 323 1702 sins
336 1648 457 1720 pondere
469 1651 553 1702 erunt
565 1648 711 1704 ethonore
723 1650 838 1720 indigna
848 1650 974 1705 ferentur

214 1727 308 1783 Verba
319 1745 429 1782 movere
441 1729 510 1797 loco,
522 1729 653 1798 quamvis
664 1729 753 1784 invite
764 1729 895 1784 recedant

213 1808 253 1862 Et
266 1812 410 1863 versentur
422 1810 513 1864 adhuc
524 1810 601 1864 intre
612 1810 766 1880 penetralia
778 1811 891 1865 Vestae.

214 1889 369 1947 Obscursta
381 1890 431 1945 diu
443 1890 547 1962 populo
558 1889 651 1946 bonus
663 1893 743 1945 eruet
754 1894 839 1961 atque

214 1971 338 2025 Proferet
350 1972 380 2025 in
392 1971 484 2025 lucem
495 1972 620 2041 speciosa
631 1972 765 2026 vocabula
776 1990 878 2041 rerum,

214 2053 291 2118 Quae
303 2052 402 2122 priscis
414 2055 568 2107 memorata
580 2052 735 2107 Catonibus
745 2056 830 2123 atque
843 2053 974 2123 Cethegis

213 2132 296 2186 Nunc
307 2134 381 2187 situs
392 2132 521 2187 informis
533 2133 638 2203 premit
650 2136 680 2187 et
691 2132 803 2189 deserte
813 2139 956 2201 vetustas3

213 2212 361 2267 Adsciscst
372 2229 444 2267 nova
457 2230 528 2283 quae
539 2214 648 2283 genitor
659 2212 823 2284 produxerit
834 2232 912 2272 usus.

213 2292 374 2348 Vehemens
385 2296 415 2347 et
426 2293 551 2363 liquidus
563 2310 688 2364 puroque
700 2295 861 2350 simillimus
872 2296 948 2351 amni
1068 2300 1123 2349 120

213 2373 324 2428 Fundet
336 2390 403 2443 opes
414 2374 582 2444 latiumque
593 2374 690 2429 beabit
701 2374 789 2429 divite
799 2377 909 2446 lingua;

213 2454 396 2509 Luxuriantia
408 2458 575 2524 compescet,
588 2455 673 2509 nimis
684 2472 782 2526 aspera
793 2474 861 2511 sano

213 2535 330 2591 levabit
341 2535 429 2603 cultu,
441 2534 547 2588 virtute
560 2536 684 2589 carentia
694 2537 786 2605 tollet,

213 2617 349 2671 Ludentis
361 2616 482 2686 speciem
495 2614 573 2669 dabit
585 2619 615 2669 et
626 2618 812 2686 torquebitur,
823 2620 857 2671 ut
870 2618 919 2687 qui
1036 2614 1040 2619 ’

212 2697 295 2753 Nunc
307 2696 446 2767 Satyrum,
458 2712 534 2749 nunc
545 2699 684 2765 agrestem
696 2696 817 2768 Cyclopa
828 2700 964 2751 movetur.

212 2777 395 2833 Praetulerim
407 2776 527 2846 scriptor
539 2775 644 2830 delirus
656 2777 785 2847 inersque
796 2778 892 2845 videri,

212 2859 288 2914 Dum
300 2876 362 2913 mea
374 2857 513 2911 delectent
525 2858 598 2911 mala
609 2858 711 2911 merel
723 2858 844 2928 denique
855 2858 963 2926 fallant,

211 2939 303 3005 Quam
315 2954 411 3008 sapere
423 2939 453 2991 et
464 2936 543 3007 ringi.
579 2936 647 2992 Fuit
658 2938 734 2992 haud
745 2938 876 3008 ignobilis
887 2939 980 3009 Argis,

212 3019 267 3086 Qui
279 3038 309 3073 se
322 3017 452 3073 credebat
464 3018 550 3071 miros
560 3018 660 3072 audire
671 3019 826 3088 tragoedos,

212 3099 345 3153 invecuo
356 3099 448 3153 laetus
460 3114 551 3151 sessor
561 3099 730 3169 plausorque
741 3100 872 3166 theatro3
1068 3105 1120 3156 130

212 3178 327 3232 Caetera
338 3178 387 3247 qui
399 3179 474 3232 vitae
486 3182 611 3231 servaret
622 3181 720 3233 munia
730 3182 808 3234 recto

210 3257 295 3324 More,
308 3256 399 3310 bonus
411 3274 477 3311 sane
489 3258 608 3327 vicinus,
621 3260 749 3314 amabilis
762 3260 874 3331 hospes,

209 3333 305 3388 Comis
317 3336 348 3388 in
359 3352 484 3405 uxorem,
496 3340 593 3407 posset
605 3339 655 3409 qui
666 3340 809 3410 ignoscere
819 3342 909 3397 serris
