2342 3850
210 313 255 360 242
525 309 661 360 flosnrn
675 311 787 361 mucel

210 439 285 506 Quid
296 441 362 494 tum
370 437 474 509 profeci
486 455 598 493 mecum
608 438 740 494 facientia
748 439 813 510 jura

210 520 239 574 Si
251 524 347 574 tamen
358 520 502 574 attentesl
538 519 669 586 Quereris
679 537 766 590 super
776 520 830 574 hoc
841 521 936 588 etiam,
947 519 1028 590 quod

209 603 376 672 Exspectata
386 601 441 655 tibi
452 619 509 655 non
520 602 634 656 mittam
646 604 767 657 carmina
779 602 905 657 mendam

209 684 316 738 Luculli
329 683 409 737 miles
421 683 536 737 collecta
548 684 651 737 viatica
662 685 760 738 multis

208 765 367 832 Aemmnis,
379 764 469 818 laesus
481 764 550 818 dum
562 768 650 818 noctu
661 765 765 833 stertit,
778 765 814 819 ad
825 783 917 820 assem

208 843 368 899 Perdiderat
379 866 386 911 ;
403 845 533 916 posthoc
544 846 696 899 vehemens
707 846 791 916 lupus
802 850 833 901 et
844 847 899 901 sibi
910 851 940 902 et
951 846 1033 902 hosti
1077 879 1082 885 ·

208 925 301 980 Iratus
313 927 427 996 pariter,
436 925 539 997 jejunis
552 926 685 980 dentibus
696 943 767 992 acer,

208 1006 379 1062 Praesidium
391 1007 482 1077 regale
493 1008 555 1062 loco
567 1007 679 1078 dejecit,
691 1012 726 1062 ut
738 1009 827 1076 aiunt,
1085 1015 1130 1067 30

209 1085 324 1142 Summe
336 1088 446 1142 mamito
458 1091 488 1142 et
500 1088 655 1142 multarum
666 1088 755 1142 divite
766 1106 869 1142 rerum.

210 1167 308 1224 Clarus
320 1169 356 1223 ob
368 1168 398 1223 id
409 1169 515 1224 iactum
528 1169 610 1223 donis
621 1172 738 1224 ornatur
748 1169 884 1237 honestis,

206 1249 319 1320 Accipit
331 1253 361 1304 et
372 1249 417 1304 bis
429 1248 501 1304 dena
512 1266 597 1320 super
608 1250 738 1303 sestertia
749 1267 906 1304 nummum.

207 1329 291 1384 Forte
303 1329 357 1384 sub
368 1329 421 1384 hoc
432 1333 547 1399 tempus
560 1329 708 1383 castellum
719 1333 844 1384 evertere
855 1333 970 1400 praetor

207 1411 309 1466 Nescio
321 1411 398 1481 quod
410 1413 525 1482 cupiens
537 1411 644 1464 hortari
657 1411 751 1480 coepit
762 1411 882 1466 eundem

206 1491 308 1546 Verbis
320 1508 392 1563 quae
402 1491 504 1545 timido
516 1508 628 1561 quoque
639 1494 756 1561 possent
767 1490 868 1546 addere
880 1496 1022 1548 mentem:

206 1576 220 1602 “
228 1572 251 1640 I,
263 1572 344 1641 bone,
357 1589 413 1642 quo
424 1573 516 1626 virtus
528 1575 621 1625 tuate
632 1576 720 1640 vocat,
733 1573 743 1626 i
755 1574 826 1644 pede
836 1574 937 1642 fausto,

206 1651 328 1706 Grandia
338 1652 446 1706 laturus
458 1652 625 1706 meritorum
637 1653 768 1722 praemia
804 1653 879 1720 Quid
888 1658 948 1708 stas
958 1654 969 1708 l
979 1655 994 1680 '’

205 1731 271 1787 Post
283 1734 350 1788 heeo
361 1733 410 1786 iile
420 1735 500 1786 catus
512 1733 694 1802 quantumvis
706 1734 840 1788 rusticus:
859 1737 876 1765 “
886 1734 954 1802 Ibit,

207 1812 266 1867 Ibit
278 1831 310 1868 eo
322 1831 377 1884 quo
389 1813 432 1866 vis
444 1813 493 1882 qui
506 1829 604 1866 zonam
615 1813 763 1884 perdidit,”
774 1814 876 1884 inquit
1078 1822 1119 1871 40

207 1894 310 1951 Romae
322 1895 424 1949 nutriri
435 1894 505 1949 mihi
517 1894 644 1965 contigit,
656 1898 742 1965 atque
754 1895 846 1951 doceri

207 1976 301 2030 Iratus
314 1976 405 2031 Graiis
417 1979 555 2045 qmntum
566 1977 710 2031 nocuisset
721 1977 854 2031 Achilles.

206 2056 340 2126 Adjecere
352 2056 441 2110 bonae
453 2056 536 2126 paulo
548 2056 614 2126 plus
625 2057 694 2109 artis
706 2055 843 2125 Athenae,

206 2138 318 2191 Scilicet
329 2142 363 2192 ut
375 2136 477 2191 vellem
489 2154 574 2191 curvo
587 2136 747 2205 dignoscere
758 2141 876 2205 rectum,

205 2220 300 2287 Atque
312 2218 387 2271 inter
398 2217 484 2271 silvas
495 2216 630 2271 Academi
642 2234 775 2286 quaerere
787 2235 895 2272 verum.

204 2300 281 2354 Dura
293 2301 343 2354 sed
354 2316 481 2354 emovere
493 2300 554 2353 loco
566 2318 612 2353 me
623 2303 752 2371 tempora
763 2305 851 2370 grato,

205 2379 356 2450 Oivilisque
367 2379 469 2434 rude'm
480 2380 547 2434 belli
558 2380 628 2433 tulit
639 2384 735 2435 aestus
746 2381 777 2434 in
788 2399 865 2435 arma

205 2460 329 2515 Caesaris
340 2460 462 2529 Augusti
475 2477 531 2513 non
542 2478 710 2531 responsura
721 2462 840 2515 lacertis.

205 2540 286 2596 Unde
298 2541 383 2595 simul
395 2541 519 2611 primum
532 2558 578 2594 me
590 2540 721 2596 dimisere
733 2541 866 2611 Phihppi,

203 2623 312 2678 Decisis
323 2623 459 2677 humilem
471 2623 572 2692 pennis
583 2622 753 2692 inopemque
764 2622 875 2692 paterni

203 2708 240 2761 Et
251 2708 317 2762 laris
330 2710 359 2761 et
371 2706 459 2773 fundi,
471 2708 622 2776 paupertas
633 2706 747 2775 impulit
759 2705 857 2773 audax,

202 2790 245 2844 Ut
256 2806 354 2843 versus
365 2789 501 2859 fecerem5
519 2786 569 2840 sed
581 2785 657 2855 quod
669 2803 727 2839 non
738 2785 813 2840 desit
824 2786 977 2841 habentem

203 2872 279 2937 Quae
291 2872 426 2941 poterunt
436 2884 560 2937 unquam
572 2867 642 2921 satis
653 2884 804 2937 expurgare
817 2867 932 2935 cicutae,

200 2952 240 3005 Ni
251 2951 352 3005 melius
363 2949 485 3003 dormire
496 2950 597 3018 putem
609 2964 694 3017 quam
707 2946 828 3001 scribere
839 2948 959 3001 verensi

202 3026 315 3101 Sin'guia
327 3030 361 3084 de
373 3028 455 3084 nobis
467 3028 533 3082 anni
544 3027 717 3097 praedantur
728 3031 828 3081 euntes
838 3046 846 3093 ;

200 3111 335 3181 Eripuere
344 3110 429 3179 jocos,
441 3124 581 3175 venerem,
594 3108 730 3176 convivia
741 3107 856 3172 ludum;

201 3192 332 3244 Tendunt
344 3193 509 3260 extorquere
521 3192 667 3258 poemata3
686 3187 754 3259 quid
764 3189 867 3244 faciam
878 3188 942 3243 visi

200 3270 328 3338 Denique
340 3288 396 3324 non
408 3287 505 3324 omnes
518 3268 616 3323 eedem
628 3270 767 3324 mirantur
776 3273 930 3351 amantque
942 3290 949 3324 :

201 3349 328 3402 Carmine
339 3354 373 3403 tu
385 3351 495 3419 gaudes,
507 3350 554 3404 hic
566 3349 722 3405 delectatur
732 3350 843 3420 iambis,
