2342 3850
349 293 572 344 mmmmm
585 296 608 348 I.
625 297 647 346 1.

45 420 158 486 omnio
170 421 278 478 devite
289 421 376 478 animi
387 424 544 495 capitisque
553 423 655 482 noos.

11 518 12 523 ¹
44 499 170 573 Impiger
180 506 322 558 extremos
333 505 421 560 curris
432 506 617 561 mercatores
629 506 724 575 ludos,

43 579 96 635 Per
105 599 186 638 mare
196 585 359 655 pauperiem
370 585 489 656 fugiens,
500 603 552 657 per
562 605 637 656 sere,
649 605 699 658 per
709 589 804 658 ignes:

42 659 86 715 Ne
97 679 182 718 cures
192 682 226 720 es
236 681 308 735 quse
319 666 408 720 stulte
419 667 530 721 mireris
541 670 571 721 et
582 671 664 738 optus

41 741 168 813 Discere,
180 747 211 800 et
222 745 328 814 audire,
340 749 371 800 et
381 746 491 800 meliori
502 747 613 802 credere
625 765 682 802 non
693 748 737 802 vis
747 749 759 804 l

41 821 115 890 Quis
125 825 234 880 crem
243 842 330 897 pagos
341 830 372 880 et
382 827 488 882 circum
500 828 624 898 compito
634 844 747 898 pugnax

41 903 283 975 Meguscoronsri
294 908 604 979 contemnutOlympie,
617 909 748 980 cuspes,
915 911 950 964 50

41 985 97 1040 (lui
108 988 149 1041 sit
160 987 285 1042 conditio
297 988 387 1043 dulcis
398 989 459 1044 sine
469 988 585 1060 pulvere
596 990 725 1060 pulmeel

41 1067 136 1123 Vilius
147 1073 295 1139 argentum
307 1073 352 1125 est
362 1087 439 1139 eum,
450 1071 607 1126 virtutibus
618 1089 726 1127 eurum.

41 1148 92 1204 ‘0
105 1149 190 1217 dves,
203 1149 286 1219 cives,
298 1150 454 1221 quaerenda
464 1151 583 1221 pecunie
593 1152 718 1222 primum
729 1154 775 1206 est
785 1167 793 1218 ς

41 1230 145 1286 Virtus
156 1235 224 1302 post
233 1232 389 1287 nummos”
423 1231 502 1287 Huec
517 1232 608 1288 lenus
619 1251 748 1289 summus
759 1233 795 1289 ab
806 1234 865 1290 imo

41 1311 187 1381 Perdcoet,
198 1312 267 1368 haec
277 1314 408 1368 recinunt
420 1313 539 1384 juvenes
551 1313 657 1369 dictste
671 1332 815 1386 senesque,

42 1393 135 1447 Ieevo
145 1395 276 1465 mspensi
286 1393 393 1448 loculos
402 1394 583 1464 tabulamque
593 1395 703 1450 lacerto.

41 1472 95 1528 luc
105 1474 219 1530 unimus
229 1475 293 1544 tibi,
304 1477 375 1530 sunt
385 1492 478 1529 mores
489 1479 518 1529 et
528 1475 623 1545 lingue
633 1475 757 1546 fidesque
767 1493 775 1543 ς

42 1553 98 1609 Sed
110 1555 322 1626 qudringentis
332 1572 382 1609 sex
394 1558 505 1625 septem
516 1554 595 1609 milis
606 1554 716 1622 desunt,

42 1634 126 1690 Plebs
136 1637 199 1691 eris
233 1638 275 1690 At
285 1636 367 1706 pueri
378 1635 516 1703 ludentes,
529 1634 615 1689 “Rex
627 1633 708 1704 eris,'’
721 1634 810 1704 siunt,

43 1715 304 1773 “Sireotefscies.”
339 1717 395 1772 Hic
405 1733 503 1770 murus
514 1720 616 1771 senous
629 1719 699 1786 esto,
915 1719 949 1772 60

42 1796 92 1853 Nil
102 1799 228 1854 conscire
239 1798 303 1866 sibi,
315 1797 391 1852 nulls
401 1797 551 1868 pallescere
562 1797 653 1866 culpe

42 1876 151 1949 Βοιώ,
163 1879 208 1934 dic
218 1878 308 1948 sodes,
320 1878 419 1933 melior
429 1878 475 1932 lex
486 1895 522 1932 an
532 1894 684 1948 puerorum
696 1880 741 1933 est

43 1957 142 2027 Nonis
153 1976 225 2030 quae
236 1977 353 2030 regnum
364 1962 440 2013 recte
451 1958 618 2014 facientibus
631 1958 721 2027 offert,

42 2037 679 2096 Etmnribuscmiisetdeoentstucsmillisl

43 2118 109 2174 isne
119 2121 175 2176 noi
185 2121 287 2175 melius
298 2120 397 2175 suadet
408 2120 458 2190 qui
469 2137 530 2174 rem
540 2118 634 2187 focius,
647 2136 716 2188 rem,

42 2199 72 2254 Si
82 2203 180 2272 prmis
188 2205 274 2270 recte,
285 2202 310 2256 si
321 2217 378 2254 non
389 2217 554 2270 quocunque
565 2199 649 2253 modo
661 2217 730 2269 rem,

42 2279 84 2335 Ut
95 2282 214 2353 propius
224 2284 336 2351 spectes
345 2281 491 2335 lacrimose
501 2282 630 2351 polimuts
641 2280 720 2351 Pupi,

41 2362 87 2417 An
99 2363 151 2432 qui
162 2362 303 2417 Fortunae
314 2365 346 2415 te
355 2378 518 2432 responsore
530 2360 667 2431 superbae

39 2441 176 2497 Liberum
186 2445 218 2497 et
229 2446 354 2497 erectum
364 2458 496 2512 praesens
507 2440 637 2495 hortetur
648 2443 677 2495 et
689 2444 769 2512 aptet
780 2441 791 2498 l

40 2522 147 2590 Quodsi
158 2540 206 2577 me
216 2524 338 2593 populus
348 2522 490 2577 Romanus
500 2522 573 2576 forte
583 2524 671 2591 roget,
683 2540 732 2577 our
913 2524 948 2579 70

38 2602 106 2659 Non
117 2607 153 2658 nt
163 2603 322 2675 porticibus
331 2603 371 2657 sic
385 2602 499 2674 judiciis
509 2602 587 2655 fruor
598 2602 696 2670 isdem,

37 2682 99 2737 Nec
111 2699 215 2753 saluar
226 2686 276 2737 eut
285 2683 390 2753 fugium
401 2699 472 2754 quoe
484 2682 575 2753 diligit
587 2682 648 2753 ipse
659 2683 704 2738 vel
716 2683 784 2752 odit,

37 2764 116 2822 Olim
126 2764 205 2835 quod
216 2765 316 2835 vulpes
327 2767 438 2833 segreio
449 2767 532 2818 ceute
542 2764 617 2818 leoni

36 2845 198 2915 Rfflptmdit
208 2844 327 2899 referum
338 2864 345 2898 :
363 2844 435 2912 Quia
445 2861 492 2898 me
502 2844 621 2913 vestigia
631 2846 747 2913 terrent,

36 2925 142 2982 Omnis
152 2930 184 2980 te
196 2924 345 2980 adversum
356 2924 522 2995 spectantia,
533 2925 610 2979 nulls
621 2928 783 2979 retrorsum.

35 3007 137 3063 Bellus
143 3007 300 3061 multorum
309 3024 339 3060 es
347 3006 481 3077 capitum.
514 3004 542 3058 N
542 3022 589 3059 um
598 3005 666 3075 quid
677 3022 777 3075 sequcr
785 3006 835 3059 sut
843 3018 927 3075 quern
934 3002 945 3057 l

34 3088 104 3144 Pars
115 3087 267 3142 hominum
277 3088 364 3157 gestit
375 3086 528 3141 conducere
539 3086 657 3155 publice,
669 3089 736 3141 sunt
748 3085 798 3157 qui

35 3169 151 3225 &usus
162 3170 193 3222 et
204 3168 297 3238 pomis
308 3167 406 3221 viduus
419 3169 555 3221 venentur
566 3182 670 3234 uvares,

34 3249 244 3321 Excipiamque
254 3265 335 3303 senes
346 3266 417 3319 quos
428 3249 459 3303 in
471 3247 576 3302 riveria
587 3246 722 3313 mittunt3

35 3330 138 3387 Multis
149 3330 261 3387 occulto
271 3331 371 3386 crescit
381 3346 426 3385 res
436 3328 539 3385 fenore.
574 3327 681 3383 Verum
908 3332 943 3383 80
