2342 3850
544 315 680 365 Romu
693 315 805 364 mcor

364 451 440 517 Ques
451 447 531 503 velut
541 449 607 503 letis
620 465 691 518 eque
702 449 788 503 trime
800 449 907 520 campis

364 531 450 585 Ludit
462 530 593 584 exsultim
606 530 765 600 metuitque
776 531 862 600 tangi,

362 610 535 680 Nuptiarum
547 627 646 680 expers
658 614 688 664 et
700 610 791 664 adhuc
800 613 931 680 protervo

401 691 497 745 Orode
508 691 617 745 merito.

364 770 408 824 'ru
420 775 503 842 potes
514 771 601 840 tigres
613 771 783 840 comitesque
795 770 879 826 silves

365 849 473 905 Ducere
484 854 514 905 et
526 851 601 906 rivos
614 851 715 905 celeres
727 852 830 905 mereri
837 872 845 918 ;

365 932 457 986 Gessit
468 932 600 986 immanis
611 932 667 986 tibi
678 931 835 987 blandienti

400 1013 419 1067 J
420 1013 513 1066 enitor
524 1013 603 1067 sulse

365 1093 509 1162 Cerberus,
521 1093 650 1164 quemvis
661 1093 760 1148 furiale
772 1097 886 1149 centum

364 1174 495 1228 Munisnt
506 1191 609 1245 angues
622 1178 706 1246 ceput
718 1175 778 1245 ejus
789 1178 874 1245 etque

366 1255 488 1325 Spiritus
499 1259 574 1310 teter
585 1255 732 1326 saniesque
744 1261 840 1310 menet

400 1335 454 1390 Ore
466 1335 600 1407 trilingui

367 1416 442 1482 Quin
453 1420 483 1471 et
496 1417 577 1470 Ixion
590 1416 743 1488 Tityosque
755 1417 840 1472 vultu

366 1496 440 1551 Risit
452 1497 549 1565 invito,
561 1497 644 1551 stetit
656 1513 726 1552 urus
737 1497 863 1568 paullum

367 1577 446 1631 Sicca
457 1577 526 1631 dum
536 1580 617 1647 grsto
629 1576 719 1631 Densi
730 1577 838 1649 puelles

401 1657 531 1712 Carmine
543 1657 656 1712 mulces.

364 1736 471 1791 Audiet
483 1737 559 1808 Lyde
571 1737 662 1792 scelus
673 1741 758 1808 etque
768 1741 851 1794 notes

366 1817 515 1886 Virginum
526 1835 631 1888 poenes
643 1822 672 1874 et
684 1819 765 1873 inane
777 1819 906 1890 lymphae

364 1897 479 1953 Delium
490 1899 578 1954 frmdo
589 1899 733 1970 pereuntis
744 1899 810 1968 imo,

402 1979 523 2050 Sereque
535 1981 594 2035 fote

366 2061 444 2127 Quae
455 2064 570 2115 manent
582 2061 677 2132 culpes
689 2061 775 2115 etiem
786 2060 840 2115 sub
852 2060 930 2115 Orco.

365 2142 582 2212 Impiee,-nam
594 2141 661 2211 quid
675 2145 791 2212 potuere
803 2141 894 2212 majus
905 2142 952 2195 l—

366 2222 474 2293 Impiee
486 2240 604 2293 sponsos
616 2226 732 2293 potuere
744 2221 814 2276 duro

398 2302 516 2357 Perdere
528 2303 615 2358 ferro!

366 2383 431 2438 Une
441 2383 477 2439 de
488 2384 588 2438 multis
600 2384 658 2439 fece
670 2384 792 2455 nuptiali

362 2463 457 2535 ‘Digne
468 2464 614 2535 perjurum
625 2465 681 2518 fuit
693 2466 723 2518 in
735 2469 882 2535 parentem

365 2543 514 2615 Splendide
525 2544 645 2599 mendax
657 2550 687 2599 et
699 2546 730 2599 in
742 2563 824 2600 omne
836 2547 915 2618 virgo

399 2625 510 2679 Nobilis
522 2643 630 2691 sevum,

366 2704 499 2775 “Surge‚”
512 2723 582 2775 quse
595 2706 667 2760 dixit
676 2706 776 2775 juveni
787 2708 896 2775 merito,

366 2786 481 2856 “Surge
494 2804 529 2840 ne
541 2788 642 2858 longus
653 2788 708 2842 tibi
720 2804 836 2843 somnus
848 2788 922 2844 unde

365 2866 430 2919 Non
440 2867 526 2921 times
538 2866 622 2921 detur
633 2888 640 2935 ;
658 2886 785 2923 socerum
796 2872 827 2924 et
837 2870 969 2927 scelestas

400 2946 478 3001 Felle
489 2964 606 3014 sorores,

366 3027 443 3095 Quae
450 3027 533 3082 *velut
544 3032 642 3083 noctae
654 3030 758 3085 vitulos
769 3028 879 3085 leeenee

365 3106 493 3178 Singulos
505 3108 577 3163 eheu
586 3108 721 3164 lacerarit:
740 3127 791 3179 ego
802 3110 858 3165 illis

365 3188 476 3243 Mollior
487 3207 538 3245 nec
549 3195 579 3244 te
592 3191 689 3245 seriem
700 3208 789 3261 neque
802 3192 878 3246 intre

400 3268 528 3324 Claustra
539 3270 650 3325 tenebo.
