2342 3850
217 311 264 360 254
543 309 680 360 nonam
693 309 807 362 mccl

218 437 353 494 Indoctus
365 437 432 510 quid
444 438 519 494 enim
531 443 641 510 saperet
652 438 777 510 liberque
788 439 915 494 laborum

217 517 349 574 Rusticus
361 520 467 574 urbano
479 519 619 590 confusus,
631 521 724 590 turpis
735 519 873 574 honestoi

218 599 264 656 Sic
276 602 381 672 priscae
393 602 557 670 motumque
569 605 599 654 et
611 600 749 655 luxuriem
760 599 869 654 addidit
879 599 934 654 arti

218 679 332 736 Tibicen
344 681 485 750 traxitque
497 698 583 752 vagus
595 697 645 751 per
655 681 765 752 pulpita
776 685 901 746 vestem3

217 762 264 817 Sic
275 764 360 817 etiam
372 762 474 817 fidibus
486 779 569 817 voces
581 779 691 817 crevere
702 763 814 831 severis,

217 843 257 898 Et
268 844 337 898 tulit
348 844 490 913 eloquium
501 843 648 898 insolitum
659 843 790 898 facundie
801 858 942 915 praeceps,

218 921 394 994 Utiliumque
406 941 488 993 sagax
499 939 593 978 rerum
605 927 635 976 et
646 923 740 978 divina
749 924 840 978 futuri

217 1003 360 1074 Sortilegis
371 1022 428 1059 non
440 1004 593 1076 discrepuit
604 1005 744 1059 sententia
754 1003 879 1074 Delphis

217 1084 345 1140 carmine
357 1085 406 1155 qui
417 1087 522 1155 tragico
533 1085 618 1140 vilem
630 1086 748 1140 pertavit
760 1085 796 1140 ob
806 1085 924 1155 hircum,
977 1095 980 1098 ’

216 1165 282 1220 Mox
295 1166 381 1221 etiam
393 1169 515 1236 agrestes
526 1166 641 1238 Satyros
652 1165 778 1233 nudavit,
790 1169 820 1220 et
830 1180 912 1236 asper

217 1245 354 1300 Incolumi
366 1248 502 1317 gravitate
509 1246 606 1317 jocum
617 1247 747 1315 tentavit,
759 1263 792 1303 eo
804 1246 879 1316 quod

217 1325 358 1381 illecebris
371 1330 431 1381 erat
443 1330 473 1380 et
484 1330 562 1398 grata
573 1327 700 1381 novitate
711 1326 861 1382 morandus

217 1407 370 1478 Spectator,
381 1409 551 1478 functusque
563 1409 650 1463 sacris
662 1411 692 1462 et
703 1411 789 1478 potus
801 1411 831 1462 et
843 1408 929 1462 exlex.

217 1488 323 1544 Verum
334 1490 375 1544 ita
386 1490 494 1558 risores,
506 1490 546 1544 ita
558 1489 751 1544 commendare
762 1488 870 1544 dicaces

216 1569 371 1625 Conveniet
382 1572 506 1642 Satyros,
517 1571 558 1625 ita
569 1573 679 1624 vertere
691 1570 764 1624 seria
774 1569 849 1638 ludo,

216 1649 260 1705 Ne
272 1653 429 1722 quicunque
442 1652 518 1720 deus,
531 1652 691 1723 quicunque
701 1651 879 1706 adhibebitur
888 1651 979 1719 heros,

216 1729 311 1802 Regali
323 1735 489 1802 conspectus
500 1732 531 1786 in
543 1749 611 1787 auro
621 1749 712 1802 nuper
723 1734 752 1786 et
764 1735 849 1799 ostro,

215 1813 317 1884 Migret
327 1814 357 1868 in
369 1813 500 1868 obscuras
511 1813 611 1867 humili
623 1829 749 1867 sermone
760 1812 898 1879 tabernas,

216 1896 276 1951 Aut
288 1897 356 1952 dum
367 1896 442 1951 vitat
453 1895 571 1950 humum
583 1894 673 1949 nubes
685 1893 932 1964 etinaniacaptet.
1070 1897 1130 1952 230

215 1978 334 2033 Effutire
345 1980 421 2033 leves
432 1977 543 2047 indigna
554 1976 704 2046 'lhegoedia
715 1992 820 2044 versus,

216 2057 258 2112 Ut
270 2058 350 2113 festis
362 2062 489 2113 matrona
501 2057 607 2111 moveri
615 2056 695 2127 jussa
706 2056 812 2123 diebus,

216 2136 348 2193 Intersrit
360 2139 467 2211 Satyris
478 2138 593 2209 paulum
604 2136 766 2207 pudibunda
776 2137 922 2207 protervis.

215 2216 280 2271 Non
292 2236 342 2289 ego
353 2219 481 2273 inornata
493 2221 522 2273 et
534 2217 708 2273 dominantia
717 2218 832 2271 nomina
840 2218 932 2271 solnm

217 2298 372 2369 Verbaque,
384 2300 504 2368 Pisones,
518 2299 682 2369 Satyrorum
693 2300 813 2369 scriptor
824 2298 935 2366 amabo;

214 2378 274 2434 Nee
286 2380 327 2433 sic
338 2380 427 2433 enitar
438 2380 542 2449 tragico
554 2379 665 2434 differre
676 2380 761 2434 colori

215 2459 258 2515 Ut
268 2460 340 2514 nihil
351 2460 463 2514 intersit
474 2460 606 2514 Davusne
616 2460 748 2530 loquatur
758 2463 788 2514 et
799 2458 888 2515 audax

214 2541 330 2613 Pythias
341 2544 472 2594 emuncto
482 2541 590 2595 lucrata
601 2540 712 2595 Simone
723 2541 870 2609 talentum,
975 2576 982 2600 2

215 2623 262 2677 An
274 2625 369 2676 custos
380 2621 556 2691 famulusque
568 2620 613 2676 dei
624 2621 734 2676 Silenus
746 2622 858 2676 aluan

215 2704 257 2758 Ex
268 2707 337 2757 noto
348 2704 446 2757 fictum
457 2720 569 2757 carmen
581 2718 688 2771 sequar,
700 2706 734 2757 nt
745 2704 800 2759 sibi
812 2704 905 2774 quivis

215 2785 313 2854 Sperat
325 2784 407 2853 idem,
420 2783 502 2838 sudet
513 2784 636 2837 multum
647 2783 807 2854 frustmque
817 2784 923 2839 laboret

215 2866 310 2920 Ausus
322 2865 408 2921 idem:
426 2867 539 2918 tantum
551 2863 638 2917 series
646 2863 833 2934 juncturaque
845 2864 940 2935 pollet,
1155 2877 1156 2914 l

215 2946 337 3001 Tantum
350 2946 385 2999 de
396 2944 488 2999 medio
499 2944 621 3014 sumptis
633 2943 740 2998 accedit
750 2944 870 2999 honoris.

214 3026 297 3082 Silvis
309 3026 420 3081 deducti
432 3028 548 3079 caveant
560 3042 606 3079 me
616 3023 708 3096 judice
719 3025 817 3095 Fauni,

213 3108 242 3161 N
243 3127 258 3162 e
269 3108 347 3163 velut
358 3108 449 3162 innati
457 3106 551 3161 triviis
563 3124 595 3159 ac
606 3122 694 3175 paene
704 3106 829 3161 forenses

213 3187 275 3240 Aut
285 3190 403 3243 nimium
414 3188 518 3241 tenoris
526 3186 699 3256 juvenantur
709 3187 836 3242 versibus
847 3204 981 3258 unquam,

213 3266 274 3320 Aut
285 3268 430 3322 immunda
441 3270 555 3338 crepent
566 3266 805 3337 ignominiosaque
816 3267 906 3334 dicta3

213 3344 399 3401 offenduntur
410 3348 486 3401 enim
499 3347 603 3417 quibus
613 3350 658 3400 eet
669 3364 759 3417 equus
770 3352 801 3402 et
811 3352 893 3419 pater
905 3352 935 3402 et
946 3366 1000 3418 res,
