2342 3850
21 229 25 343 ἱ
370 308 555 357 armanum
569 309 604 358 11.
619 311 640 359 2.

53 437 118 492 (tum
128 439 228 507 stupet
238 436 344 492 insanis
355 436 428 491 aeiee
438 437 594 508 fulgoribus
605 441 635 492 et
646 455 711 494 eum

21 572 22 587 2
51 516 168 571 Aeolinis
178 517 257 572 falsis
268 518 377 571 animus
389 518 505 572 meliora
515 521 635 589 recusat,

50 597 152 653 Verum
161 598 210 652 hie
219 599 356 669 impransi
366 616 478 654 meeum
489 599 642 670 disquirite.
677 601 734 657 Our
744 603 817 657 hoel

50 677 144 733 Dieam
155 680 181 733 ei
191 682 298 750 potero.
332 679 406 735 Male
417 696 516 734 verum
527 682 669 736 examinat
680 684 771 738 omnis

50 759 201 830 Corruptus
209 759 304 830 judex.
337 760 474 831 Leporem
484 765 610 816 sectatus
621 779 727 832 equove

49 839 192 896 lassusab
203 841 347 910 indomito,
356 842 576 898 relaiRomana
587 843 686 914 fatigat
909 847 944 900 10

48 921 144 976 Militia
154 925 299 976 assuetum
309 923 437 992 graeoari,
449 941 500 979 seu
511 924 568 994 pila
578 925 660 978 velox

47 1000 166 1056 Molliter
174 1005 317 1056 austerum
327 1003 546 1059 studiofallente
556 1005 688 1072 laborem,

48 1081 739 1154 Seutediaeusagitpetooedentemaeradisoo3

48 1162 116 1217 Cum
126 1163 206 1218 labor
217 1164 357 1219 extuderit
366 1165 487 1235 fastidia,
499 1168 597 1237 siocus,
607 1168 699 1222 inanis
753 1183 758 1193 ·

48 1242 147 1314 Sperne
158 1245 253 1299 eibum
263 1245 348 1300 vilem
359 1267 366 1313 ;
384 1247 438 1300 nisi
449 1247 598 1318 Hymettia
609 1249 691 1304 mella
702 1247 818 1304 Falerno

47 1324 88 1379 Ne
98 1327 201 1382 biberis
212 1327 308 1382 diluta
342 1327 422 1383 Foris
434 1332 477 1383 eat
488 1347 605 1400 promus
616 1334 646 1384 et
657 1334 750 1386 atrum

47 1403 200 1483 Defendens
212 1408 304 1480 pisoes
314 1409 422 1463 hiemat
432 1427 524 1464 mare:
542 1427 607 1465 oum
618 1411 675 1465 sale
686 1411 767 1482 panis

47 1484 204 1543 latrantem
215 1491 391 1546 stomachum
402 1491 473 1546 bene
484 1492 578 1546 leniet
614 1492 698 1547 Unde
709 1496 794 1564 putas
805 1495 856 1547 aut

47 1567 97 1634 Qui
108 1570 241 1640 partomi
275 1571 340 1625 Non
350 1571 382 1625 in
393 1589 456 1626 earo
467 1572 564 1627 nidore
575 1572 709 1644 voluptas.

46 1647 435 1724 Summaaedinteipaoest
469 1653 821 1725 Tupulmentariaquasre
907 1657 943 1708 20

45 1729 186 1798 Sudando;
202 1733 336 1804 pinguem
347 1735 425 1789 vitiis
435 1735 586 1805 albumque
597 1753 687 1806 neque
698 1739 791 1791 ostrea

45 1809 101 1865 Nee
110 1829 206 1868 searus
217 1817 268 1868 aut
278 1816 383 1885 poterit
394 1817 538 1885 peregrina
545 1815 644 1886 juvare
655 1816 748 1886 lagois

45 1889 95 1945 Vix
106 1896 202 1949 tamen
213 1895 329 1967 erIpiam
340 1897 433 1967 posito
444 1913 552 1969 pavone
563 1897 634 1952 velis
645 1897 714 1969 quin

45 1970 101 2028 Hoc
110 1976 208 2046 potius
219 1994 305 2047 quam
315 1978 415 2048 gallina
425 1981 532 2048 tergere
543 1979 677 2049 palatum,

45 2052 195 2127 Corruptus
206 2058 288 2112 vanis
297 2076 400 2127 rerum,
412 2059 478 2129 quia
488 2064 589 2114 veneat
600 2076 667 2113 amo
711 2116 713 2121 ,

45 2133 110 2191 Rara
120 2137 182 2193 avis
192 2140 224 2192 et
235 2139 312 2210 pieta
322 2139 429 2210 pandat
440 2141 598 2211 spectacula
609 2138 712 2205 oauda3

44 2214 192 2288 Tamquam
203 2220 240 2275 ad
250 2238 310 2275 rem
322 2222 442 2276 attineat
453 2222 613 2292 quidquam.
648 2220 726 2275 Num
737 2220 856 2275 resoeris
867 2221 924 2277 ista

44 2298 127 2363 Quam
137 2301 237 2356 laudas
247 2302 345 2372 pluma
355 2302 366 2356 ‘l
400 2303 487 2358 Ooete
498 2320 568 2357 num
579 2302 659 2357 adest
670 2303 759 2357 honor
770 2302 845 2357 idem
854 2303 865 2357 l

43 2376 125 2435 (ierne
134 2384 235 2436 tamen
246 2383 374 2453 quamvis
385 2382 473 2438 distat
484 2384 532 2452 nil,
544 2384 597 2437 hae
608 2384 697 2453 magis
709 2384 786 2439 illam

43 2454 197 2531 impensus
208 2464 307 2518 formis
319 2464 467 2535 deceptum
478 2467 508 2518 te
519 2466 632 2533 petere!
668 2462 753 2518 Esto:
905 2466 940 2519 30

41 2536 119 2596 Unde
130 2542 232 2598 datum
243 2545 334 2599 sentis
344 2545 428 2615 lupus
439 2545 486 2599 hio
497 2544 644 2599 Tiberinus
655 2561 691 2599 an
703 2544 760 2599 alto

41 2617 144 2691 Captus
151 2624 222 2693 hiet,
234 2628 371 2695 pontosne
382 2626 458 2682 inter
465 2626 589 2696 jactatus
600 2643 635 2679 an
648 2625 737 2679 amnis

40 2697 114 2757 Ostia
124 2704 182 2759 sub
192 2705 298 2760 'lusoil
333 2705 449 2775 laudas,
461 2707 566 2775 insane,
578 2706 717 2760 trilibrem

39 2778 153 2839 Mullum
165 2786 197 2840 in
208 2786 317 2855 singula
328 2805 412 2856 quem
423 2788 533 2842 minuas
544 2788 690 2858 pulmenta
701 2803 812 2843 neeesse
823 2789 874 2841 est

39 2858 118 2918 Ducit
129 2868 162 2919 te
174 2867 282 2937 speeies
293 2867 390 2921 video:
408 2884 464 2937 quo
475 2870 599 2939 pertinet
610 2884 674 2939 ergo

37 2938 166 3000 Prooeros
177 2946 270 3002 odisse
280 2948 363 3018 lupos
372 2948 383 3003 l
419 2948 492 3015 Quia
502 2949 608 3003 scilieet
618 2950 675 3003 illis

37 3018 169 3093 Majorem
180 3030 281 3082 natura
291 3027 407 3083 modum
418 3029 503 3097 dedit,
514 3030 560 3084 his
571 3030 657 3084 breve
668 3028 785 3099 pondus.

36 3099 152 3172 Jejunus
163 3124 229 3161 raro
239 3110 400 3163 stomachus
411 3109 536 3179 ungaria
546 3111 659 3164 temnit.

35 3184 220 3243 “Porrectum
230 3208 331 3261 magno
343 3208 476 3261 magnum
487 3195 614 3263 spectare
626 3190 719 3246 eatino

37 3261 170 3339 Vellem‚”
181 3271 223 3325 ait
234 3271 368 3343 Harpyiis
378 3272 443 3341 gula
454 3272 538 3341 digna
548 3272 703 3343 rapacibus,
738 3270 779 3324 At
789 3286 849 3341 voa,
902 3276 938 3329 40

36 3342 199 3406 Premente
209 3352 318 3421 Austri,
330 3352 441 3422 ooquite
452 3352 553 3406 horum
564 3352 892 3421 obsonia—quamquam
