2342 3850
558 299 694 348 nouem
709 300 826 352 sulem

377 426 464 481 Venti
475 429 632 498 peventem
644 445 710 482 mox
722 429 752 483 in
764 431 848 485 ovilis

376 506 498 562 Demisit
509 509 621 564 hostem
633 509 746 565 vividus
759 511 890 581 impetus,

410 589 495 644 Nunc
505 591 536 645 in
547 591 716 647 reluctantes
728 591 859 647 dracones

446 671 512 742 Egit
523 689 602 727 emor
614 672 695 744 dapis
707 675 791 743 atque
803 689 926 744 pugnae:

377 752 528 819 Qualemve
539 753 622 808 lsetis
634 771 733 824 caprea
744 755 855 824 pescuis

377 833 492 887 Intente
503 833 596 888 fiilvee
607 834 707 889 metris
718 834 753 889 ab
766 835 851 889 ubere

410 913 428 968 J
429 932 476 969 em
487 914 559 970 lecte
571 915 720 986 depulsum
731 915 842 971 leonem

445 994 537 1050 Dente
548 1012 622 1050 novo
635 995 761 1066 periture
772 995 859 1051 vidit:

375 1074 477 1130 Videre
489 1075 585 1131 Reetis
597 1075 669 1130 belle
680 1076 735 1131 sub
746 1076 868 1147 Alpibus

375 1155 501 1211 Drusum
512 1160 656 1228 gerentem
667 1157 805 1212 Vindelici
813 1158 958 1228 3-quibus

408 1237 472 1292 Mos
483 1237 558 1292 unde
570 1237 708 1292 deductus
719 1255 771 1308 per
782 1255 864 1293 omne

443 1318 565 1389 Tempus
576 1317 730 1372 Amazonis
741 1318 831 1372 securi

315 1414 321 1426 ’
374 1401 495 1456 Dextrae
506 1401 634 1456 obermet
646 1417 777 1472 quaerere
790 1401 894 1471 distuli,

374 1481 435 1536 Nec
445 1483 516 1536 scire
527 1482 570 1536 fes
582 1485 627 1536 est
638 1482 733 1536 omnis
740 1483 832 1549 3-sed
843 1483 893 1537 diu

408 1562 532 1633 lateque
544 1562 674 1617 victrices
686 1565 812 1617 cetervee

446 1643 577 1698 Consiliis
585 1643 698 1714 juvenis
712 1643 833 1698 revictae

372 1724 489 1779 Sensere
501 1724 570 1794 quid
582 1741 663 1778 mens
674 1723 736 1791 rite,
748 1723 818 1794 quid
830 1723 936 1778 indoles

371 1803 489 1859 Nutrite
499 1805 601 1859 faustis
613 1804 666 1859 sub
677 1804 868 1874 penetralibus

405 1884 512 1954 Posset,
524 1885 593 1956 quid
604 1885 727 1957 Augusti
738 1887 871 1955 petemus

442 1965 478 2021 In
489 1982 592 2037 pueros
604 1966 714 2021 enimus
726 1965 858 2021 Nerones

372 2046 472 2101 Fortes
483 2050 614 2101 creentur
624 2046 746 2100 fortibus
758 2048 788 2099 et
799 2045 896 2111 bonis;

370 2127 423 2181 Est
435 2127 465 2181 in
473 2127 610 2198 juvencis,
623 2129 667 2181 est
679 2127 709 2180 in
721 2127 801 2196 equis
813 2130 928 2197 petrum

405 2207 513 2275 Virtus,
526 2225 617 2277 neque
629 2204 771 2261 imbellem
782 2205 887 2261 feroces

440 2288 627 2359 Progenerent
639 2287 747 2357 equilee
759 2286 932 2352 columbam

370 2367 505 2423 Docti-ins
516 2368 566 2423 sed
576 2369 636 2423 vim
647 2371 793 2439 promovet
805 2367 927 2435 insitam,

370 2446 506 2519 Rectique
518 2449 612 2503 cultus
625 2451 738 2520 pectora
748 2447 897 2514 roborent;

405 2530 558 2600 Utcunque
570 2528 694 2584 defecere
707 2545 799 2583 mores

441 2613 608 2668 Indecorent
620 2613 691 2667 bene
703 2615 769 2666 nete
781 2610 885 2682 culpae.

369 2693 443 2760 Quid
455 2693 564 2762 debees,
576 2711 594 2747 o
606 2693 702 2760 Romo,
714 2691 876 2746 Neronibus

368 2774 461 2828 Testis
472 2774 633 2829 Metaurum
644 2773 749 2827 fiumen
761 2776 790 2827 et
802 2770 961 2827 Hssdrubel

403 2855 538 2915 Devictus
549 2858 579 2909 et
591 2854 707 2926 pulcher
718 2854 821 2924 sugetis

437 2935 488 2990 Ille
500 2937 560 2991 dies
572 2936 653 2990 Latio
665 2934 790 2993 tenebris

369 3017 424 3083 Qui
436 3017 545 3088 primus
557 3017 631 3071 elme
643 3016 707 3069 risit
719 3014 825 3083 adores,

367 3097 453 3151 Dirus
465 3114 515 3167 per
526 3096 612 3151 urbes
623 3096 692 3150 Afer
703 3098 736 3149 ut
748 3094 835 3150 Iteles

402 3178 461 3231 Ceu
471 3176 583 3231 flemme
595 3194 645 3248 per
655 3175 751 3231 taedas
763 3176 808 3230 vel
819 3174 910 3230 Eurus

437 3258 490 3311 Per
500 3256 607 3311 Siculas
618 3257 757 3326 equitavit
768 3256 863 3311 undas.
929 3316 933 3323 ⁴
