2342 3850
550 273 685 322 nonum
699 271 812 321 rmum

367 404 431 459 Non
442 405 496 472 ille,
507 421 679 475 quamquam
691 402 840 458 Socraticis
851 403 946 458 madet

368 487 560 555 Semonibus,
570 489 602 540 te
613 485 740 556 negleget
753 483 894 540 horridus:

400 567 538 621 Narratur
548 570 579 620 et
589 566 675 636 prisci
688 565 802 620 Catonis

437 647 524 718 Saepe
535 664 614 702 merc
626 647 742 701 caluisse
754 647 852 701 virtus

368 729 412 783 'l'u
422 728 484 783 lene
495 731 670 782 tormentum
682 727 793 796 ingenio
804 726 937 782 admoves

364 808 533 879 Plerumque
544 807 629 872 durc;
648 811 683 862 tu
694 807 864 879 sapientium

404 888 493 946 ouras
504 891 534 943 et
545 905 679 943 arcanum
687 887 784 958 jocoso

441 968 597 1024 Consilium
608 969 710 1039 retegis
723 968 828 1039 Lyaeo;

370 1049 414 1104 Tu
425 1066 505 1120 spem
516 1048 626 1105 reducis
637 1048 782 1104 mentibus
793 1047 884 1103 anxiis

372 1129 516 1200 Viresque,
528 1133 557 1184 ct
569 1129 649 1184 addis
661 1147 763 1184 cornua
774 1129 905 1200 pauperi;

407 1209 475 1265 Post
485 1214 516 1266 te
527 1228 618 1282 neque
629 1211 717 1264 iratos
728 1209 862 1264 trementi

440 1291 547 1363 Regum
558 1292 652 1363 apices
663 1308 753 1361 neque
764 1291 889 1344 militum
899 1308 985 1346 arina

373 1373 413 1428 Το
425 1371 556 1440 Liberat,
568 1373 594 1426 si
605 1372 678 1426 laeta
689 1371 786 1440 aderit,
798 1371 895 1426 Venus

374 1454 531 1524 Segnesque
542 1452 766 1534 nodumsclvere
778 1452 890 1506 Gratiae

410 1535 555 1605 Vivaeque
566 1534 722 1604 producent
733 1535 868 1602 lucernae,
974 1547 979 1563 ’-

445 1615 521 1669 Dum
533 1615 643 1670 rediens
654 1615 733 1692 fugat
745 1617 821 1670 astra
832 1612 968 1669 Phoebus.

642 1815 736 1870 XXII.

376 1971 520 2026 01000000
531 1974 627 2027 custos
638 1988 850 2041 nemorumque,
864 1971 957 2042 Virgo,

379 2049 455 2116 Quae
467 2050 627 2107 laborantes
638 2056 719 2107 utero
731 2053 839 2123 puellas

377 2130 433 2185 Ter
444 2135 543 2187 vocata
554 2132 635 2187 andis
646 2132 801 2205 adimisque
812 2132 878 2201 leto,

414 2211 487 2267 Diva
497 2213 641 2281 triformis,

379 2292 535 2348 Imminens
546 2294 628 2348 villae
640 2297 691 2348 tua
701 2294 786 2365 pinus
797 2296 867 2363 esto,

382 2373 472 2440 Quam
484 2391 535 2445 per
546 2378 658 2429 exactos
670 2392 720 2445 ego
732 2376 822 2429 laetus
833 2392 921 2430 annos

380 2454 476 2509 Verria
488 2455 634 2525 obliquum
646 2455 809 2511 meditantis
820 2456 909 2511 ictum

415 2534 554 2607 Sanguine
566 2536 675 2593 donem

638 2732 749 2787 XXIII.

380 2886 479 2941 00000
491 2888 608 2957 supinas
619 2889 645 2944 si
656 2890 755 2945 tuleris
766 2909 868 2947 manus

381 2964 522 3021 Nascente
535 2968 621 3039 Luna,
633 2972 739 3027 rustica
750 2972 875 3044 Phidyle,

416 3047 448 3101 si
459 3048 543 3103 thure
554 3050 672 3119 placaris
685 3056 714 3107 et
726 3054 814 3110 horna

453 3127 543 3199 Fruge
555 3129 639 3187 lares
651 3133 786 3205 avidaque
798 3152 890 3206 porca,

383 3207 444 3263 Nec
455 3210 635 3280 pestilentem
646 3216 751 3270 sentiet
762 3216 891 3273 Africum

382 3286 514 3345 Fecunda
525 3292 593 3347 vitis
605 3311 658 3349 nec
669 3296 795 3352 sterilem
807 3314 886 3369 seges
