2342 3850
355 303 617 356 emmonius.

202 429 348 502 Spiritum,
360 449 446 502 quem
457 433 483 486 si
495 431 613 504 Libyam
625 435 742 489 remotis
779 455 784 466 ·

201 510 326 568 (indibus
334 511 437 583 junges
448 516 478 567 et
488 516 608 584 uterque
619 512 730 568 Poenus

237 592 348 648 Serviat
359 593 418 647 uni

201 671 309 727 Crescit
320 673 469 743 indulgens
480 673 535 730 eibi
547 674 627 729 dirus
638 673 769 747 hydrops,

202 752 261 807 Neo
271 753 353 808 sitim
365 753 446 824 pellit
457 754 513 808 nisi
526 772 611 810 ceusu
621 754 714 811 morbi

201 832 315 904 Fugerit
326 834 406 888 venis
418 837 449 888 et
460 851 581 905 aquosus
591 835 657 891 nlbo

236 913 360 985 Corpore
371 914 495 985 languor.

202 993 356 1048 Redditnm
368 995 436 1066 Cyri
447 994 517 1049 solio
529 993 668 1050 Phraaten

200 1073 348 1130 Dissidons
359 1075 435 1146 plebi
448 1092 564 1130 numero
576 1075 725 1132 beatorum

201 1153 308 1209 Eximit
319 1155 429 1224 Virtus,
441 1157 634 1228 populumque
645 1157 724 1212 falsis

240 1235 367 1290 Dedooet
379 1236 425 1290 uti

203 1314 333 1385 Vocibus,
344 1333 463 1386 regnum
473 1320 504 1371 et
515 1317 644 1372 dindeim
654 1321 753 1372 tutum

203 1395 338 1452 Deferens
349 1398 400 1452 uni
412 1398 612 1470 propriamque
622 1399 733 1454 laurum

202 1475 337 1548 Quisquis
348 1478 477 1548 ingentes
488 1479 569 1535 ooulo
581 1480 720 1536 inretorto

237 1558 351 1630 Spectet
364 1575 485 1616 acervos.

485 1873 539 1929 IIL

202 2038 320 2099 AEousx
331 2041 473 2093 memento
485 2037 569 2093 rebus
580 2037 612 2091 in
623 2037 720 2092 arduis

203 2118 318 2174 Servare
329 2120 461 2185 mentem,
473 2135 529 2172 non
541 2135 622 2173 mous
631 2117 662 2173 in
670 2117 753 2173 bonis

237 2198 284 2253 Ab
294 2197 428 2252 insolenti
438 2201 624 2269 temperatum

271 2278 401 2347 Isetitiu
413 2279 548 2335 moriture
560 2278 642 2348 Delli,

203 2359 258 2415 Seu
269 2363 395 2415 moestus
407 2360 483 2415 omni
494 2364 622 2430 tempore
633 2360 743 2428 vixeris,

202 2441 258 2496 Seu
268 2444 299 2495 te
310 2440 341 2494 in
352 2443 461 2495 remoto
473 2440 598 2511 gramine
609 2458 660 2511 per
670 2440 731 2495 dies

237 2520 338 2576 Festos
349 2520 515 2575 reolinutum
526 2520 619 2575 bostis

275 2601 414 2656 Interiora
425 2604 493 2655 note
505 2600 623 2656 Falerni

203 2680 265 2749 Quo
277 2682 362 2755 pinus
374 2682 471 2752 ingens
482 2680 599 2753 alboque
610 2682 732 2754 populns

203 2763 341 2819 Umbrum
352 2762 521 2833 hospitalem
534 2764 691 2819 ooneooisre
702 2766 799 2817 umsnt

238 2844 355 2899 Ramisi
390 2842 465 2910 Quid
477 2841 589 2913 obliquo
600 2842 710 2898 laboret
822 2882 826 2887 .

273 2924 400 2997 Lympha
411 2923 494 2994 fugax
504 2924 644 2995 trepidare
655 2923 716 2977 rivo
725 2922 736 2976 l

203 3005 267 3062 Huo
277 3006 344 3061 rins
354 3009 384 3060 et
396 3007 538 3075 unguente
549 3007 579 3058 et
590 3004 712 3057 nimium
723 3001 822 3057 breves

204 3084 300 3141 Floroe
310 3102 442 3141 amoenae
454 3086 525 3140 ferro
533 3084 603 3155 jube
615 3102 701 3150 rosae,

238 3167 314 3221 Dum
325 3184 370 3221 res
382 3169 412 3221 et
423 3170 500 3221 setes
512 3168 542 3220 et
553 3182 682 3220 sororum

274 3246 335 3302 Filo
345 3248 434 3302 trium
446 3246 594 3318 potiuntur
604 3248 672 3300 ntro„

206 3325 293 3383 codoe
304 3327 441 3400 ooimptis
452 3326 571 3383 saltibus
583 3328 613 3381 et
625 3324 708 3380 domo
