2342 3850
364 313 539 366 cisium
554 317 573 368 I.
590 319 626 372 17.

189 439 219 494 N
219 458 250 495 ec
261 457 360 496 saevus
371 440 444 512 ignis
455 459 507 497 nec
517 441 665 498 tremendo

224 523 242 576 J
243 523 358 594 uppiter
368 523 428 594 ipse
439 541 523 578 ruens
533 525 668 580 tumultu

155 603 257 658 Fertur
268 603 458 672 Prometheus,
469 605 570 660 addere
582 606 704 678 principi

154 682 235 737 Limc
246 687 358 738 euectus
368 685 533 756 perticulam
544 687 669 758 undique

184 762 344 832 Desectam,
355 767 386 819 ct
395 765 486 820 insani
497 765 587 821 leonis

225 845 293 900 Vim
304 845 448 900 stomacho
459 848 624 918 eppomiisse
634 849 739 903 nostru

154 922 216 978 irae
227 924 369 996 Thyesten
380 926 467 981 exitio
478 928 556 997 gravi

153 1005 288 1075 Streverc,
299 1010 330 1061 ct
341 1006 406 1062 eltis
416 1007 534 1063 urbibus
546 1009 662 1064 ultimae

189 1087 298 1142 Stetere
310 1105 406 1143 ceusee
418 1105 469 1143 cur
479 1090 606 1160 perirent

223 1168 365 1224 Funditus
376 1169 604 1241 imprimeretque
615 1169 705 1226 muris

152 1247 264 1303 Hostile
275 1253 401 1304 eretrum
412 1249 550 1305 exercitus
562 1249 692 1306 insolens„

153 1328 305 1400 Compesce
316 1333 456 1385 mentem:
474 1347 519 1384 me
531 1347 644 1402 quoque
655 1331 777 1403 pectoris

187 1409 321 1465 'I'entevit
332 1410 362 1464 in
374 1409 449 1466 dulci
457 1410 575 1480 juvente

224 1489 329 1544 Fervcr
340 1493 371 1544 et
381 1491 412 1544 in
423 1490 525 1546 celeres
536 1491 645 1547 iambos

153 1569 235 1623 Misit
245 1570 402 1638 flirentem3
419 1588 493 1626 nunc
505 1589 556 1642 ego
568 1573 688 1628 mitibus

151 1649 263 1704 Mutare
276 1668 377 1721 queero
387 1652 490 1721 tristia,
501 1653 570 1707 dum
581 1653 653 1708 mihi

188 1729 254 1786 Fies
265 1733 415 1788 recantatis
426 1735 516 1788 amice

225 1811 390 1883 Opprcbriis
402 1815 583 1885 animumque
595 1813 702 1870 reddes

414 2154 508 2212 XVII.

188 2318 288 2373 Vmcx
298 2336 446 2376 amoenum
458 2338 539 2393 saepe
550 2321 719 2377 Lucretilem
738 2344 740 2349 ·

187 2400 280 2454 Mutet
291 2401 399 2471 Lycaeo
408 2401 522 2456 Faunus
533 2406 563 2455 et
574 2404 684 2473 igneam

223 2480 354 2536 Defendit
366 2485 503 2537 aestatem
514 2484 628 2554 capeliis

259 2561 357 2633 Usque
369 2564 440 2617 meis
451 2561 617 2633 pluviosque
631 2568 738 2619 ventes.

189 2644 310 2715 Impune
321 2647 419 2699 tutum
430 2662 482 2715 per
492 2662 592 2699 nemus
604 2644 720 2699 arbutos

189 2724 333 2791 Quaenmt
344 2725 464 2780 latentes
475 2729 505 2779 et
516 2726 615 2797 thyma
626 2725 723 2781 deviae

222 2804 333 2860 Olentis
343 2823 445 2861 uxores
457 2806 560 2877 meriti,

255 2886 318 2941 Nec
327 2886 432 2941 virides
443 2890 575 2941 metuunt
587 2886 714 2942 colubrae

189 2966 248 3020 Nec
259 2966 401 3021 Martiales
412 2967 555 3023 Heediliec
567 2966 656 3038 lupos,

191 3046 343 3117 Utcunque
354 3046 435 3115 dulci,
447 3048 576 3118 Tyndari,
589 3048 684 3104 fistule

222 3128 316 3182 Valles
327 3130 357 3181 et
369 3126 483 3182 Usticae
495 3127 626 3182 cubantis

255 3208 340 3263 Levis
351 3224 519 3278 personuere
531 3226 603 3263 sexu

186 3288 224 3342 Di
236 3306 281 3343 me
292 3292 419 3357 tuentur,
431 3289 475 3343 dis
484 3290 576 3361 pietes
588 3307 651 3344 mee

186 3368 223 3423 Et
235 3370 316 3425 Musa
327 3368 405 3425 cordi
417 3372 469 3424 eet.
487 3370 542 3425 Hic
553 3369 610 3424 tibi
621 3369 701 3439 copia
