2342 3850
371 353 557 405 sumum
571 357 592 406 L
607 359 630 409 8.
910 369 954 421 147

37 473 111 532 Oum
123 480 246 534 ventum
256 480 293 535 ed
303 497 402 536 verum
414 485 458 538 est
464 503 474 550 3
490 501 591 540 sensus
602 503 750 559 moresque
762 497 921 564 repugnant

36 559 137 630 Atque
149 560 212 631 ipsa
222 562 341 632 utilitas,
349 562 421 633 justi
432 583 520 636 prope
530 571 623 621 mater
633 571 663 622 et
675 571 767 641 aequi.

36 637 110 694 Oum
122 647 328 713 prorepserunt
338 645 438 715 primis
450 646 581 702 animulis
591 649 684 719 terris,

35 719 154 776 Mutum
167 724 199 776 et
209 726 293 795 turpe
302 741 396 795 psous,
408 727 539 796 glandem
550 731 637 799 atque
649 729 753 786 cubilis
764 737 880 804 propter
900 741 951 792 100

36 799 194 874 Unguibus
205 807 235 858 et
246 806 356 876 pugnis,
369 805 435 862 dein
443 809 576 878 fustibus,
589 813 675 881 atque
686 811 727 866 ita
738 829 822 884 porro

35 882 207 955 Pugnabant
218 888 302 942 armis
314 905 385 958 quae
397 893 463 961 post
475 891 659 946 fabricaverat
670 910 747 962 usus,

34 963 135 1020 Donec
146 967 235 1022 verba
246 969 350 1039 quibus
361 987 444 1026 voees
456 989 611 1042 sensusque
622 977 755 1030 notarent

34 1043 218 1118 Nominaque
230 1049 377 1117 invener03
395 1051 497 1106 dehine
509 1053 646 1108 absistere
657 1053 738 1123 bsllo,

35 1125 150 1199 Oppida
161 1133 315 1200 coeperimt
326 1134 438 1186 munire
449 1136 479 1188 st
490 1150 595 1204 ponere
606 1133 690 1204 leges,

34 1205 78 1262 Ns
90 1210 160 1280 quis
173 1210 221 1264 fur
232 1214 314 1281 esset,
327 1230 383 1267 neu
393 1213 475 1283 latro,
487 1232 543 1268 neu
554 1215 618 1286 quis
630 1215 745 1272 adulter.

35 1288 110 1345 Nem
122 1291 183 1346 fuit
194 1295 261 1346 ante
272 1293 410 1348 Helenam
423 1312 532 1350 cunnus
543 1297 691 1352 teterrima
702 1297 768 1354 belli

36 1372 134 1442 Causa,
142 1374 197 1429 sed
207 1376 310 1446 ignotis
322 1378 467 1448 perierunt
474 1380 616 1434 mortibus
624 1381 674 1450 illi,

36 1453 111 1520 Quos
123 1473 260 1510 venerem
271 1457 407 1511 insertam
418 1459 560 1529 rapientes
571 1478 649 1516 more
660 1461 785 1518 ferarum

35 1532 155 1590 Viribus
167 1536 271 1591 editior
282 1537 423 1607 taedebat,
434 1542 469 1593 ut
481 1540 511 1593 in
523 1557 604 1612 grege
616 1544 722 1597 taurus.
896 1551 947 1601 110

32 1613 51 1668 J
52 1634 103 1672 ura
114 1618 235 1672 inventa
242 1621 322 1673 metu
334 1619 435 1690 injusti
446 1619 550 1674 fateare
561 1638 677 1676 necessu
689 1625 743 1691 est,

34 1694 174 1770 Tempora
185 1699 211 1752 si
222 1699 364 1769 fastosque
375 1700 444 1754 velis
456 1701 580 1755 evolvere
593 1701 701 1758 muudi.

33 1774 94 1833 Neo
105 1782 212 1834 natura
223 1783 317 1850 potest
326 1780 404 1851 justo
416 1797 558 1835 secernere
569 1781 708 1852 iniquum,

33 1858 146 1915 Dividit
156 1862 193 1914 ut
203 1859 276 1915 bona
288 1860 412 1931 diversis,
423 1860 554 1932 fugienda
564 1861 711 1932 petendis;

32 1936 92 1994 Neo
103 1940 203 1995 vincet
213 1941 285 1995 ratio
296 1941 358 2010 hoo,
369 1940 537 1995 tantundem
548 1944 583 1994 ut
594 1946 690 2011 psoost
701 1941 831 2015 idemque

33 2020 88 2086 Qui
99 2024 217 2076 teneros
228 2022 321 2076 caules
332 2022 415 2076 alieni
426 2021 540 2092 fregerit
551 2021 627 2075 horti

32 2098 69 2154 Et
80 2102 134 2173 qui
145 2105 303 2156 nocturnus
315 2119 392 2157 saore
404 2102 500 2156 divum
511 2102 617 2171 legerit.
652 2102 737 2159 Adsit

32 2178 138 2253 regnu
149 2184 273 2254 bevotis
285 2200 355 2254 quae
366 2200 469 2254 roem
479 2183 583 2253 irruet
595 2200 705 2254 aequas

33 2261 74 2317 Ne
85 2264 200 2319 scutica
211 2263 328 2334 dignum
338 2262 463 2318 horribili
474 2266 581 2317 sectere
593 2264 707 2335 fiagello.

31 2341 104 2400 Nam
116 2344 507 2399 utierulaoaednsmeritum
518 2344 623 2415 majore
636 2347 730 2401 subire
889 2356 940 2408 120

30 2422 157 2480 Verbera
167 2443 226 2479 non
237 2442 341 2494 versor,
353 2442 418 2479 oum
429 2424 505 2479 dieas
516 2442 577 2479 esso
589 2444 670 2497 pares
680 2444 726 2481 res

29 2503 118 2561 Furta
130 2505 287 2560 latrociniis
298 2508 328 2559 et
338 2505 447 2575 magnis
458 2523 543 2576 parva
554 2508 669 2562 mineris

29 2584 113 2641 Falce
125 2586 285 2641 reuisurum
296 2586 380 2640 simili
391 2589 428 2654 te,
440 2588 465 2641 si
476 2587 529 2641 tibi
540 2604 659 2658 regnum

29 2664 203 2722 Permittant
213 2666 348 2720 homines
383 2666 413 2721 Si
424 2666 502 2721 divss
514 2668 562 2738 qui
574 2669 685 2739 sepiens
697 2673 749 2739 est,

29 2746 64 2801 Et
74 2751 162 2803 sutor
173 2747 268 2802 bonus
280 2750 310 2801 et
321 2746 398 2801 solus
408 2746 549 2803 formosus
561 2752 591 2802 et
603 2752 647 2803 est
659 2766 717 2819 rex,

30 2827 85 2883 Our
97 2832 184 2899 optas
196 2826 273 2898 quod
283 2827 390 2882 habesl
424 2827 490 2882 Non
501 2829 578 2883 nosti
590 2829 658 2899 quid
669 2834 759 2901 pater,
771 2831 874 2903 inquit,

28 2908 207 2981 Chrysippus
219 2908 310 2962 diost:
327 2908 444 2978 Sapiens
455 2908 581 2980 crepidas
593 2909 647 2963 sibi
659 2928 802 2981 nunquam

26 2988 54 3043 N
54 3009 85 3045 eo
97 2989 192 3044 soleas
203 2988 280 3056 fecit,
292 2992 372 3043 sutor
383 2992 479 3042 tumen
488 2991 533 3043 est
545 2990 664 3060 sapiens.
701 2991 755 3058 Qui
766 2990 776 3045 l

26 3068 68 3125 Ut
79 3068 215 3140 quamvis
227 3070 304 3123 taoet
314 3068 506 3138 Hermogenes
518 3072 617 3123 oantor
627 3073 724 3125 tamen
736 3074 821 3141 atque

26 3151 164 3221 Optimus
176 3152 221 3205 est
232 3148 404 3216 modulstor;
420 3153 455 3204 ut
466 3150 595 3205 Alfenius
607 3152 691 3221 vafer,
704 3154 781 3207 omni
888 3159 939 3210 130

25 3232 151 3303 Abjeoto
162 3230 352 3285 instrumento
365 3231 435 3285 urtis
447 3231 595 3301 clausaque
607 3232 732 3300 taberna,

25 3312 111 3368 Sutor
124 3314 195 3380 erat,
207 3312 319 3382 sepiens
331 3312 423 3383 operis
434 3312 475 3365 sio
486 3312 613 3382 optimus
625 3312 717 3367 omnis

24 3393 76 3449 Est
88 3393 189 3466 opifex
199 3392 285 3462 solus,
297 3392 339 3447 sio
349 3410 405 3447 rex.
440 3391 559 3449 Vellunt
570 3393 625 3446 tibi
636 3391 752 3447 barbam
