2342 3850
221 313 267 362 Μ
541 310 678 360 nouem
692 311 807 362 unsch

221 439 323 494 Pom
332 441 400 494 ante
411 438 488 494 diem
498 438 604 494 librum
616 456 682 495 cum
693 440 809 512 lumine,
822 441 847 496 si
858 458 914 498 non

221 518 354 576 Intendes
365 520 492 574 animum
503 520 608 575 studiis
619 525 649 576 et
660 520 745 577 rebus
757 521 891 591 honestis,

222 600 333 656 invidia
343 602 388 656 vel
398 618 492 655 amore
503 601 571 671 vigi]
582 601 756 674 torquebere.
790 602 819 656 N
819 619 865 658 am
876 620 927 659 cur

221 681 298 750 Quae
308 681 423 737 laedunt
435 682 530 736 oculos
540 682 659 738 festines
670 681 791 753 demere,
802 684 828 738 si
839 683 910 755 quid

220 763 274 820 ue
285 764 411 818 animum
422 762 518 818 differs
528 763 644 818 curandi
656 767 770 835 tempus
781 765 813 819 in
823 782 929 821 annum
939 765 951 822 l

102 864 108 874 ¹
221 843 379 900 Dimidium
389 844 458 900 fecti
469 845 519 915 qui
531 847 623 916 coepit
635 845 739 912 habet3
755 863 853 916 sapere
862 848 934 902 eudo
946 866 956 915 ;

221 923 326 994 Incipe.
361 924 417 993 Qui
428 929 504 979 recte
514 925 629 980 vivendi
639 930 772 998 prorogat
782 927 879 982 horam

222 1006 358 1061 Rusticus
369 1009 514 1076 exspectat
526 1006 594 1061 dum
606 1006 711 1062 defluat
721 1008 830 1074 emnis;
846 1011 877 1063 et
888 1007 936 1064 ille
996 1055 1002 1066 .
1027 1051 1032 1056 .

220 1085 339 1142 labiim·
350 1089 380 1140 et
391 1086 502 1141 labetur
512 1087 543 1141 in
555 1104 639 1142 omne
650 1087 780 1142 volubilis
791 1104 899 1144 samm.

220 1166 371 1235 Quaeritur
381 1171 528 1238 argenium
538 1168 689 1239 puerisque
701 1168 783 1222 beate
794 1167 920 1224 creandis

220 1247 309 1318 Uxor,
321 1251 351 1304 et
362 1249 485 1303 incultae
496 1251 632 1319 pacantur
642 1265 755 1303 vomere
766 1249 869 1304 silvae:

221 1327 304 1396 Quod
314 1330 384 1384 satis
395 1332 439 1384 est
451 1329 497 1383 cui
509 1329 647 1398 contingit
657 1329 730 1384 nihil
740 1330 861 1399 amplius
873 1331 961 1400 optet.

221 1410 288 1466 Non
300 1410 401 1466 domus
412 1413 442 1464 et
452 1409 565 1479 fimdus,
577 1427 635 1465 non
646 1410 718 1466 seris
730 1428 846 1466 acervus
858 1414 888 1466 ot
899 1411 961 1468 auri

220 1491 343 1562 Aegroto
355 1491 461 1546 domini
472 1490 589 1545 deduxit
601 1507 714 1562 corporo
725 1491 826 1560 febres,

220 1572 286 1628 Non
297 1572 390 1626 animo
402 1587 489 1626 cures.
527 1570 626 1627 Veleat
637 1589 782 1644 possessor
793 1575 905 1643 oportet

219 1653 252 1708 Si
263 1652 444 1724 comportatis
455 1651 539 1706 rebus
549 1651 621 1706 bene
633 1652 738 1721 cogitet
750 1651 800 1707 uti

220 1733 276 1802 Qui
287 1733 366 1804 cupit
376 1736 427 1787 aut
438 1733 542 1786 metuit
549 1731 633 1802 juvet
644 1732 725 1788 illum
736 1733 778 1787 sic
790 1732 891 1788 domus
902 1736 932 1788 et
942 1750 988 1790 res

219 1814 264 1870 Ut
273 1815 384 1886 lippum
395 1814 486 1884 pictee
498 1811 620 1882 tabulae,
632 1812 757 1868 fomenta
768 1813 926 1884 podagrum,

217 1895 367 1952 Auriculas
378 1893 501 1949 citharae
512 1892 629 1949 collecta
639 1893 720 1949 sorde
733 1893 866 1950 dolentes.

219 1976 365 2031 sincerum
376 1978 420 2029 est
431 1975 487 2029 nisi
498 1991 548 2029 vas
559 1974 746 2046 quodcunque
755 1976 881 2031 infundis
891 1977 1001 2033 acescit

218 2056 325 2127 Sperne
336 2054 504 2125 voluptates,
515 2058 598 2109 nooet
611 2058 707 2127 empta
718 2054 811 2110 dolore
823 2058 959 2127 voluptas

218 2138 334 2208 Semper
344 2153 444 2191 avarus
456 2138 532 2205 eget:
550 2139 660 2191 certum
672 2140 739 2191 voto
750 2140 814 2207 pete
826 2138 918 2192 finem.

217 2216 336 2273 Invidus
347 2215 462 2270 ulterius
473 2216 621 2271 macrescit
632 2214 716 2269 rebus
728 2216 848 2285 opimis3

219 2295 330 2351 invidis
339 2296 427 2350 Siculi
438 2313 495 2349 non
505 2296 637 2351 invenere
648 2296 763 2366 tyranni

217 2376 310 2447 Majus
320 2379 501 2431 tormentum
536 2375 592 2442 Qui
603 2392 661 2430 non
671 2376 860 2431 moderabitur
871 2374 928 2431 irae

218 2456 361 2513 Infectum
371 2458 448 2511 volet
459 2472 520 2510 esse
531 2454 611 2510 dolor
622 2455 698 2527 quod
709 2456 829 2511 suaserit
840 2460 869 2511 et
881 2472 970 2527 mens,

218 2538 295 2593 Dum
305 2553 408 2607 poenas
419 2536 483 2590 odio
494 2536 615 2607 pervim
626 2536 742 2592 festinat
754 2538 852 2592 inulto.

217 2617 529 2675 lraiurorbrevisest:
546 2617 979 2690 animumrege,quinisiperet

218 2698 343 2769 Imperat
353 2717 361 2765 ;
378 2698 453 2752 hunc
464 2697 558 2766 frenis,
570 2697 646 2753 hunc
657 2701 691 2753 tu
702 2715 846 2771 compesce
858 2703 964 2758 eatena.

217 2777 314 2850 Fingit
325 2796 429 2850 equum
439 2782 537 2833 tenera
548 2778 667 2833 docilem
678 2780 785 2835 cervice
796 2781 929 2852 magister

218 2860 264 2917 Ire
275 2861 350 2916 viam
361 2877 418 2931 qua
428 2863 568 2914 monstret
579 2876 664 2931 eques
675 2879 683 2928 ;
700 2861 853 2931 veneticus,
865 2879 901 2917 ex
912 2878 969 2935 quo

217 2942 353 3014 Tempore
365 2943 506 2997 cervinam
517 2942 620 3012 pellem
631 2942 746 2998 latravit
757 2943 788 2998 in
798 2944 869 3013 aule,

217 3024 324 3079 Militat
335 3025 366 3078 in
378 3024 457 3078 silvis
469 3023 587 3078 catulus
622 3023 651 3078 N
651 3040 705 3078 unc
716 3023 817 3079 edbibe
829 3041 899 3095 puro

217 3104 333 3159 Pectore
344 3104 437 3171 verbe,
448 3120 527 3173 puer,
539 3120 615 3159 nuno
626 3106 656 3158 te
667 3104 830 3159 melioribus
840 3104 917 3160 offer.

218 3183 280 3251 Quo
291 3184 379 3238 semel
389 3186 434 3237 est
445 3183 556 3237 imbute
565 3200 663 3239 recens
675 3185 798 3241 servabit
808 3184 922 3242 odorem

216 3262 301 3317 Testa
312 3262 369 3317 diu
403 3263 510 3329 Quodsi
522 3280 613 3318 cesses
624 3268 675 3319 aut
685 3269 818 3321 strenuus
829 3268 928 3336 entole,

217 3340 277 3395 Nec
286 3342 400 3396 tardum
410 3343 539 3414 opperior
549 3360 601 3397 nec
612 3344 843 3415 preeoedentibus
853 3348 938 3405 insto.
