2342 3850
217 312 262 360 148
538 307 674 358 nonum
687 305 801 356 susum

216 437 324 493 Inscivi
335 437 431 509 pueri;
449 454 518 508 quos
529 438 564 491 tu
574 436 631 491 nisi
642 435 718 490 fuste
730 439 840 491 coirces

214 519 331 590 Urgetis
341 518 425 573 turbu
436 518 541 572 circum
551 521 582 572 te
594 520 688 572 stante
700 516 840 587 miserque

216 598 365 670 Rumperis
376 602 406 652 et
416 598 510 667 lutras,
521 615 687 668 msgnorum
698 598 819 652 maxime
831 614 936 667 regum.

216 679 261 733 Ne
272 679 386 748 longum
397 677 513 732 inciam:
531 676 600 731 dum
611 680 646 732 tu
657 675 811 748 quedrnnte
822 675 950 730 levatum

216 759 277 814 Rex
288 759 343 814 ibis
354 776 445 829 neque
457 761 487 813 te
499 759 648 830 quisquam
659 759 779 830 stipator
790 759 921 828 ineptum

215 841 330 896 Prseter
342 840 504 911 Crispinum
514 840 677 910 sectabitur,
690 843 720 894 et
731 839 802 893 mihi
815 837 911 894 dulces

217 921 367 992 Ignoscent
378 921 403 975 si
415 920 484 991 quid
494 938 610 992 peccem
622 921 729 974 stultus
741 920 831 988 amici,
1076 921 1126 974 140

217 1001 308 1072 Inque
318 1002 409 1057 vicem
420 1002 533 1056 illorum
544 1001 637 1072 petier
648 1000 751 1055 delicte
761 1000 888 1068 libenter,

217 1081 401 1154 Privatusque
412 1082 501 1153 magis
512 1082 606 1137 virum
617 1084 647 1136 te
659 1098 722 1152 rege
733 1081 841 1136 beatus.

647 1417 696 1476 IV.

217 1573 342 1629 Euroms
354 1576 438 1645 utque
451 1573 582 1629 Orutinus
594 1573 852 1645 Aristophanesque
864 1577 971 1646 poeitae,

218 1654 314 1725 Atque
325 1654 372 1708 aiii
384 1671 503 1726 quorum
515 1653 657 1709 comoedia
668 1655 760 1725 prisce
770 1655 894 1710 virorum
906 1659 958 1724 est,

218 1733 249 1788 Si
260 1734 325 1805 quis
337 1737 397 1789 erat
408 1735 509 1806 dignus
520 1733 641 1789 describi
652 1734 729 1805 quod
740 1734 830 1790 melus
842 1753 874 1790 sc
885 1736 940 1805 fur,

218 1815 300 1883 Quod
310 1816 444 1870 moechus
456 1816 529 1871 ieret
540 1819 590 1871 eut
602 1817 718 1871 sicarius
729 1819 780 1871 eut
791 1817 895 1889 alioqui

217 1895 363 1966 Famosus
375 1896 465 1953 multe
476 1913 541 1951 cum
552 1896 685 1952 libertate
697 1897 840 1952 notabunt.

218 1976 294 2031 Hinc
304 1978 396 2031 omnis
408 1977 513 2050 pendet
524 1977 657 2046 Lucilius,
668 1978 751 2033 hosce
763 1981 878 2033 secutus
1152 2022 1153 2039 ÷

218 2056 462 2113 Mutatistantum
473 2059 593 2129 pedibus
604 2058 792 2129 numerisque,
805 2059 921 2127 facetus,
1152 2042 1153 2097 i

217 2138 371 2193 Emunctue
382 2140 466 2208 neris,
479 2140 567 2194 dunis
577 2157 744 2211 componere
755 2157 861 2194 versus.
1152 2112 1153 2187 i

217 2217 292 2272 Nem
303 2219 360 2273 fuit
371 2220 425 2274 hoc
435 2220 569 2275 vitiosus:
587 2222 619 2275 in
629 2220 698 2277 hore
709 2237 792 2291 saepe
803 2220 939 2275 ducentos
1088 2286 1090 2289 .
1152 2190 1153 2265 i

218 2299 262 2355 Ut
273 2316 405 2371 magnum
416 2318 514 2357 versus
526 2301 652 2356 dictabat
663 2305 743 2356 stans
754 2300 945 2373 pedeinuno.
1096 2304 1131 2354 10

218 2379 292 2436 cum
303 2381 404 2437 flueret
414 2382 572 2437 lutulentus
584 2384 646 2437 eret
657 2382 732 2454 quod
743 2383 842 2437 toliere
852 2382 954 2449 veiies3

218 2460 352 2517 Gsrruius
363 2465 449 2533 etque
460 2464 539 2535 piger
550 2462 692 2519 scribendi
703 2464 775 2519 ferre
786 2464 918 2533 laborem,

217 2541 362 2597 Scribendi
373 2546 463 2598 recte:
480 2561 547 2599 nam
559 2547 593 2599 ut
604 2544 729 2600 muitum
739 2546 780 2599 nil
792 2561 892 2598 moror.
927 2542 1008 2612 Ecce,
1152 2510 1153 2601 i

217 2621 365 2696 Crispinus
376 2624 494 2678 minimo
505 2642 551 2679 me
563 2628 713 2697 provocet:
732 2628 749 2656 “
753 2625 865 2696 Accipe,
877 2623 904 2678 si
914 2624 958 2679 vis

218 2703 364 2774 Accipiam
375 2705 502 2773 tabuiss5
519 2705 603 2761 detur
614 2707 695 2761 nobis
706 2706 793 2775 iocus,
805 2705 882 2774 hore,

218 2784 373 2852 Custodem
389 2786 534 2842 videamus
545 2790 611 2843 uter
621 2788 686 2859 plus
698 2788 817 2843 scribere
829 2786 942 2858 possit.”

217 2867 281 2921 “Di
292 2868 363 2923 bene
374 2867 502 2923 fecerunt
512 2868 606 2941 inopis
618 2886 664 2923 me
675 2868 805 2939 quodque
817 2868 914 2939 pusilii

218 2946 375 3003 Finxerrmt
385 2948 480 3018 enimi,
493 2967 555 3004 raro
567 2953 596 3004 et
607 2966 744 3020 perpeueu
755 2949 904 3020 loquentis.

218 3028 260 3082 At
271 3032 306 3083 tu
316 3029 461 3084 conclusas
472 3030 589 3085 hircinis
601 3030 713 3085 follibus
725 3046 815 3099 eures,

219 3108 318 3179 Usque
329 3110 489 3165 laborantes
500 3110 570 3165 dum
580 3110 686 3166 sermm
698 3110 807 3165 molliet
819 3109 901 3181 ignis,
1091 3114 1134 3165 20

207 3186 262 3241 .Ut
274 3191 363 3243 meris
374 3189 508 3245 imitere.’'
542 3190 647 3246 Beatus
658 3190 783 3246 Fannius
795 3191 871 3246 uitro

218 3264 327 3321 Delatis
338 3270 431 3338 capsis
442 3274 472 3325 et
482 3270 619 3340 imagine5
636 3288 701 3326 cum
712 3289 775 3326 mes
786 3288 870 3327 nemo

219 3342 329 3415 Scripta
339 3347 414 3417 leget
422 3350 503 3421 vulgo
514 3350 631 3406 recitare
642 3351 770 3407 timentis
782 3352 818 3407 ob
830 3352 902 3408 hanc
914 3368 983 3421 rem,
