2342 3850
366 299 551 350 SATIRARUN
565 301 599 350 Π.
615 305 637 350 ὅ.

44 427 149 482 Plures
162 427 309 482 adnabunt
320 427 424 482 lhunni
435 432 466 482 ei
477 429 581 484 celans
593 433 724 484 crescent.

44 511 76 564 Si
89 509 141 565 cui
153 513 298 580 praeierea
308 509 418 564 validus
430 510 502 564 male
513 511 587 566 filius
599 511 630 566 in
641 529 672 566 re

43 591 197 645 Praeclara
208 589 336 644 sublatus
347 590 445 658 alaim,
457 608 493 646 ne
505 592 687 646 manifestum

44 670 178 726 anlibis
191 670 357 741 obsequium
368 670 456 726 nudet
467 675 505 738 cs,
516 671 619 727 leniler
631 673 662 726 in
673 689 753 744 spem

43 752 165 822 Adrepe
178 752 325 818 officiosus,
337 755 371 805 ut
382 755 412 806 et
423 752 544 807 scribare
555 752 695 808 secundus

44 833 143 887 Heres
156 836 197 900 et,
209 832 235 886 si
246 833 308 902 quis
320 850 401 887 casus
412 850 532 904 puerum
543 835 631 903 egerit
643 834 722 900 Orco,

45 914 83 967 In
96 930 224 968 vacuum
235 913 343 967 venias:
355 930 468 984 perraro
479 914 548 968 haec
560 915 620 968 alea
630 915 710 969 fallis.
923 917 958 970 50

45 996 106 1062 Qui
117 999 328 1050 testamentum
339 995 434 1050 tradet
444 996 498 1050 tibi
510 1013 619 1067 cunque
631 996 787 1067 legendum,

46 1076 188 1130 Abnuere
200 1078 230 1130 et
242 1077 352 1130 tabidas
363 1094 380 1131 a
392 1079 421 1130 le
433 1093 575 1131 removere
588 1081 739 1146 memento,

46 1159 96 1212 Sic
107 1162 210 1212 'cameu
220 1160 255 1211 ui
265 1157 342 1212 limis
353 1158 443 1228 rapies
455 1158 524 1228 quid
536 1159 628 1229 prima
639 1159 760 1214 secrmdo

48 1239 124 1294 Ocra
136 1239 209 1293 velit
220 1255 303 1293 versu
314 1260 321 1305 3
339 1240 415 1293 solus
425 1240 561 1294 multisne
573 1241 695 1309 coheres,

48 1321 152 1376 Veloci
164 1338 295 1390 percurre
305 1321 393 1374 oculo.
428 1320 594 1391 Plerumque
606 1325 732 1376 recoctus

48 1401 152 1455 Scriba
164 1418 201 1454 ex
212 1400 397 1470 quinqueviro
408 1418 524 1454 corvum
536 1400 651 1456 deludet
662 1403 797 1470 hiantem,

49 1483 248 1552 Captatorque
259 1479 339 1534 dabit
350 1481 423 1534 risus
434 1481 537 1535 Nasica
548 1481 679 1537 Corano?¹

48 1568 64 1593 “
71 1562 156 1616 Num
167 1560 256 1614 suriel
274 1577 310 1614 an
322 1560 446 1632 prudens
459 1561 534 1616 ludis
543 1580 589 1616 me
599 1563 716 1619 obscura
727 1564 849 1620 canendo
860 1564 889 1618 l”

50 1647 66 1675 “
74 1644 100 1698 Ο
112 1641 270 1709 Ιδὲιδίδᾶο,
282 1641 422 1711 quidquid
434 1641 525 1696 dicam
537 1647 587 1697 aut
600 1644 653 1698 erit
665 1649 715 1699 aut
727 1662 784 1699 non
796 1664 801 1699 :

49 1723 192 1777 Divinare
204 1722 309 1775 etenim
321 1738 438 1791 magnus
450 1723 520 1777 mihi
531 1723 617 1777 donat
629 1724 751 1796 Apollo?
928 1727 962 1778 00

50 1807 65 1833 ‘⁴
73 1803 155 1870 Quid
166 1806 264 1856 lamen
275 1803 332 1856 isia
342 1802 413 1856 velit
424 1803 481 1857 sibi
492 1802 593 1870 fabula
606 1803 630 1858 si
641 1804 715 1872 licet,
727 1803 799 1860 ede.”

50 1887 66 1914 “
74 1885 220 1955 Tempore
232 1900 289 1953 quo
298 1882 411 1953 juvenis
423 1882 534 1939 Parthis
545 1883 710 1954 horrendus,
722 1884 757 1941 ab
770 1885 827 1940 alio

49 1966 220 2019 Demissum
231 1981 318 2034 genus
330 1964 433 2033 Aenea,
444 1964 544 2019 tellure
556 1966 682 2035 marique

50 2048 176 2117 Magnus
188 2045 250 2113 erit,
263 2045 330 2098 forti
341 2045 430 2099 nubet
441 2062 557 2116 procera
568 2046 677 2101 Corano

51 2127 127 2181 Filia
140 2124 260 2179 Nasicae
272 2126 427 2179 metuentis
438 2126 554 2180 reddere
566 2127 686 2183 eoldum.

50 2208 129 2261 Tum
143 2223 230 2276 gener
241 2205 294 2259 hoc
305 2205 409 2261 faciet:
426 2206 537 2261 tabulas
548 2224 645 2262 socero
658 2206 738 2262 dabis
749 2210 835 2278 atque

51 2288 95 2342 Ut
107 2288 187 2356 legat
200 2285 293 2339 orabit
304 2305 311 2350 3
329 2286 452 2340 mulium
462 2286 565 2342 Nasica
576 2290 692 2358 negatas

51 2368 188 2438 Accipiet
200 2366 315 2421 tandem
328 2369 358 2420 οδ
369 2366 475 2421 tacitus
487 2368 570 2438 leget,
582 2368 762 2439 invenietque

50 2449 79 2502 N
79 2450 102 2503 il
114 2447 174 2502 sibi
187 2446 312 2516 legatum
324 2451 436 2517 praeter
448 2447 558 2517 plorare
571 2449 696 2519 suisque.

51 2529 129 2584 lllud
143 2528 181 2582 ad
194 2527 262 2582 haec
271 2527 374 2597 jubeo:
392 2528 493 2582 mulier
504 2529 530 2582 si
542 2529 616 2583 forle
628 2529 722 2585 dolosa
929 2530 962 2583 70

51 2612 227 2666 libertusve
239 2626 336 2663 senem
347 2608 467 2663 delirum
477 2612 625 2679 temperet,
637 2610 693 2665 illis

51 2690 183 2747 Accedes
195 2689 289 2743 socius
300 2709 307 2754 ;
324 2688 428 2757 laudes,
439 2688 560 2744 lauderis
571 2694 607 2744 ui
619 2691 725 2746 absens.

52 2774 184 2844 Adjuvai
196 2770 251 2824 hoo
262 2786 382 2839 quoque,
394 2770 444 2825 sed
454 2770 544 2824 vincit
555 2770 637 2841 longe
650 2770 728 2841 prius
740 2771 834 2841 ipsum

51 2854 224 2925 Expugnare
237 2853 330 2921 caput.
367 2849 478 2904 &ribei
488 2850 563 2904 mala
574 2852 696 2905 carmina
707 2867 821 2905 vecors:

51 2933 194 2988 Laudato.
230 2930 374 2985 Scortator
386 2930 458 2984 erit:
477 2948 544 2985 cave
556 2935 586 2985 te
598 2934 678 3001 roget
690 2951 697 2996 3
713 2930 790 2986 ultro

51 3012 228 3083 Penelopam
239 3010 330 3064 facilis
341 3010 446 3082 potiori
457 3010 560 3065 trade?
597 3012 742 3066 “Putasne
754 3011 764 3065 l

51 3094 173 3150 Perduci
186 3092 294 3163 poterit
305 3094 365 3145 iam
376 3091 451 3161 frugi
462 3095 577 3161 tamque
589 3092 698 3163 pudica,

52 3179 149 3243 Quam
160 3172 295 3243 nequiere
306 3172 385 3242 proci
396 3174 473 3227 reolo
485 3170 623 3242 depellere
636 3190 719 3227 cursu
729 3170 761 3226 l’·

52 3261 67 3287 “
75 3255 171 3311 Venit
183 3253 261 3307 enim
272 3270 405 3323 magnum
417 3252 539 3307 donandi
550 3270 634 3323 parca
641 3253 786 3323 juventus,

51 3338 113 3393 Nec
124 3338 245 3392 mnium
256 3334 374 3403 veneris,
387 3337 526 3403 quantum
537 3334 664 3389 studiosa
675 3334 790 3390 culinae.
926 3336 960 3387 80
