2342 3850
374 285 559 378 semestri
573 327 594 378 Ι.
608 329 633 378 4.
914 329 958 380 140

44 453 126 522 Quod
137 457 210 510 sunt
221 471 292 525 quos
303 470 391 526 genus
403 455 457 510 hoo
468 455 585 510 minime
594 456 686 528 Juvat,
697 459 797 529 utpote
809 457 909 530 plures

43 537 160 607 Onlpari
172 535 278 606 dignos
313 535 449 603 Quemvis
460 536 553 592 medis
564 555 631 592 erue
642 537 742 594 trube:

41 619 104 672 Aut
116 617 155 672 ob
166 617 316 671 avaritiam
326 620 378 671 aut
389 617 491 672 misera
502 617 657 672 ambitione
668 617 783 674 laboret

41 699 99 753 Hic
110 701 268 769 nuptarum
280 697 385 752 insanit
395 697 546 767 amoribus,
558 699 606 754 hio
617 715 784 770 puerorum

41 779 131 834 Hunc
142 779 221 850 cepit
232 778 339 848 argenti
350 778 498 849 splendor;
515 782 614 850 stupet
625 777 728 834 Albius
739 797 818 848 acre3

41 860 98 915 Hic
109 862 208 914 mutat
218 875 324 914 merces
335 863 468 929 surgente
478 877 496 913 a
507 861 566 914 sole
577 860 614 914 ad
625 877 691 916 eum
703 879 758 932 quo

42 941 217 1012 vsperum
226 942 306 1010 bret
316 940 400 1010 rosio,
412 940 483 1012 euin
493 957 545 1012 rer
555 942 630 996 mm
639 957 772 1014 praeceps
920 945 956 998 ³⁰

42 1020 149 1075 Fertur
159 1021 206 1074 uti
216 1020 311 1090 pulvis
321 1021 456 1074 collectus
466 1019 590 1091 turbine,
602 1039 638 1077 ne
650 1022 720 1092 quid

43 1102 163 1155 Summa
174 1099 308 1172 deperdat
319 1103 449 1155 metuens
461 1102 512 1156 aut
522 1103 638 1174 ampliet
649 1106 683 1156 ut
695 1119 763 1158 rem.

43 1181 152 1236 Omnes
163 1181 195 1235 hi
205 1184 339 1235 metuunt
349 1199 455 1250 versus,
467 1181 551 1236 odere
561 1185 667 1253 politas

44 1265 63 1294 “
68 1262 199 1316 Foennm
209 1262 296 1317 habet
307 1263 337 1316 in
350 1279 452 1329 cornu;
469 1262 550 1334 longe
561 1263 643 1334 fuge:
661 1263 814 1319 dummodo
825 1263 915 1319 risum

44 1342 179 1398 Excutiat
190 1341 246 1397 slbi
258 1360 314 1396 non
325 1343 373 1396 hic
383 1343 513 1414 cuiquam
524 1347 621 1414 parcet
632 1344 738 1411 amioo;

43 1423 81 1477 Et
93 1421 172 1494 quod
183 1440 294 1493 cunque
304 1423 392 1478 semel
403 1423 509 1479 chamis
519 1423 641 1479 illeverIt
652 1441 750 1480 omncs

46 1504 157 1558 Gestiet
168 1521 187 1557 a
197 1504 280 1558 furno
291 1503 441 1559 redeuntes
452 1505 523 1559 scire
534 1506 652 1576 lacuque

45 1583 82 1638 Et
92 1601 198 1656 pueros
209 1586 240 1638 et
250 1585 345 1639 anus”
378 1584 517 1655 Agedum,
528 1603 618 1656 pauca
629 1585 722 1656 accipe
733 1588 838 1640 contra

45 1664 173 1719 Primum
185 1682 236 1734 ego
247 1682 294 1719 mc
304 1665 417 1720 illorum
429 1665 554 1721 dederim
565 1667 669 1738 quibus
681 1684 742 1722 esse
753 1667 844 1738 positis

44 1745 204 1817 Excerpam
213 1763 348 1801 numero:
365 1763 457 1817 neque
468 1747 547 1802 enim
557 1748 723 1803 concludere
734 1765 847 1804 versum
920 1751 956 1802 40

46 1825 160 1881 Dixeris
171 1844 234 1882 esse
246 1827 333 1894 satis;
350 1845 441 1898 neque
452 1828 477 1882 si
489 1828 539 1899 qui
550 1829 656 1884 scribat
664 1829 708 1883 uti
719 1845 771 1884 nos

46 1907 175 1963 Sermoni
186 1907 333 1979 propiora:
351 1911 435 1980 pubes
447 1908 523 1964 hunc
535 1926 596 1965 esse
608 1912 728 1981 po‘e'tsm.

47 1989 198 2062 Ingenium
208 1995 255 2045 oui
267 1992 314 2060 sit,
326 1992 372 2046 oui
383 2009 463 2047 mens
474 1992 594 2047 divinior
605 1995 690 2064 atque
703 2011 735 2048 os

46 2072 147 2143 Magna
158 2076 332 2140 sonatnrnm,
343 2072 393 2127 des
405 2074 528 2129 nominis
539 2074 626 2145 hujus
637 2074 779 2129 honorem.

47 2151 155 2208 Idcirco
166 2153 284 2224 quidam
296 2152 438 2208 comoedia
448 2172 536 2210 neone
547 2160 647 2226 poema

47 2234 129 2290 Fsset
141 2235 311 2306 quaesivere,
325 2234 400 2305 quod
410 2252 474 2290 acer
484 2236 602 2307 spiritus
614 2254 646 2291 ae
657 2234 701 2291 vis

46 2314 105 2370 Nec
112 2315 210 2371 verbis
221 2332 273 2369 nec
284 2314 369 2370 rebus
381 2316 464 2385 inest,
476 2316 533 2371 nisi
544 2316 620 2387 quod
631 2316 702 2387 pede
713 2318 791 2371 certo

46 2394 148 2451 Differt
160 2396 285 2450 sermoni
297 2412 390 2450 sermo
400 2414 503 2451 merus
537 2396 578 2451 At
591 2400 672 2468 pater
683 2397 783 2453 ardens

47 2477 150 2546 Saevit,
163 2476 241 2547 quod
252 2478 399 2532 meretrice
410 2495 499 2549 nepos
510 2477 626 2533 insanus
638 2478 726 2533 amics

46 2556 136 2614 Filius
147 2575 266 2612 uxorem
277 2558 376 2629 grandi
388 2576 453 2613 cum
465 2558 531 2613 dota
543 2562 663 2628 recuset,
922 2560 957 2611 50

46 2638 151 2695 Ebrius
162 2642 202 2708 et,
214 2657 348 2710 magnum
360 2640 436 2710 quod
448 2639 577 2711 dedecus,
590 2640 716 2696 ambulet
728 2644 793 2696 ante

47 2718 168 2775 Noctem
180 2738 247 2774 oum
259 2720 373 2776 lacibus.
408 2721 554 2792 Numquid
566 2722 737 2795 Pomponius
748 2723 813 2778 istis

46 2802 169 2856 Audiret
180 2802 284 2856 leviore
293 2805 375 2873 pater
386 2802 411 2856 si
422 2802 551 2857 riveretl
585 2802 658 2873 Ergo

45 2880 75 2934 N
74 2900 111 2935 on
122 2881 196 2936 satis
207 2884 252 2935 est
262 2882 342 2952 purIs
353 2900 466 2937 versum
478 2883 648 2955 perscribere
660 2883 761 2954 verbis,

46 2962 140 3030 Quem
152 2962 179 3016 si
190 2960 336 3033 dissolvas,
346 2964 438 3034 quivis
450 2964 645 3019 stomachetur
656 2964 753 3019 eodem

46 3042 110 3108 Quo
122 3045 293 3114 personatus
304 3047 387 3113 pacto
399 3047 488 3115 pater.
523 3044 578 3097 His
590 3060 639 3115 ego
652 3062 723 3115 quae
735 3058 818 3110 nuno,

44 3122 124 3177 Olim
136 3138 210 3192 quae
221 3122 335 3193 scripsit
346 3123 481 3192 Lucilius,
493 3124 594 3195 eripias
606 3124 632 3179 si

44 3201 187 3273 Tempora
199 3205 275 3257 certa
286 3203 448 3274 modosque,
455 3205 486 3259 et
496 3204 572 3275 quod
583 3204 663 3276 prius
674 3202 770 3259 ordine
781 3198 899 3255 verbum
911 3202 955 3255 est

45 3280 192 3337 Posterius
203 3282 296 3352 famas,
307 3300 482 3355 praeponens
492 3285 595 3339 ultima
605 3284 713 3355 primis,

45 3362 113 3417 Non
124 3363 198 3418 utsi
210 3363 301 3420 solvas
314 3368 330 3396 “
338 3365 491 3437 Postquam
502 3364 648 3421 Discordia
658 3367 733 3417 tetra
920 3364 955 3415 60
