2342 3850
12 3474 14 3551 l

391 311 452 362 Ans
465 312 607 362 munes

42 439 86 494 Ut
97 437 256 495 ridentibus
267 439 399 508 arrident,
411 440 453 496 ite
464 441 597 496 flentibus
607 439 712 496 adsunt

42 520 171 576 Humani
181 521 293 576 vultus:
310 521 335 576 si
347 521 390 576 vis
401 539 447 576 me
458 521 524 577 flere
536 521 688 576 dolendum
699 524 743 576 est

42 600 170 656 Primum
183 601 237 672 ipsi
249 601 317 657 tibi:
335 605 404 656 tunc
415 605 465 656 tue
476 619 522 656 me
533 602 687 657 infortunio
697 601 816 670 laedent,

42 679 166 752 Telephe
178 682 223 736 vel
233 681 332 748 Peleu;
347 683 421 737 mule
432 683 457 736 si
469 682 601 738 mundate
611 683 734 752 loqueris

42 761 104 816 Aut
116 761 273 818 dormitabo
284 766 334 817 eut
345 762 449 818 ridebo.
485 763 588 818 'histis
599 767 738 818 maestum

42 841 166 898 Vultum
176 843 262 898 verbe
273 843 380 912 decent,
391 844 496 898 iratum
506 845 590 915 plene
600 845 750 914 minarum,

43 922 203 978 ludentem
213 924 324 993 lesciva,
336 920 463 980 severum
475 924 546 980 serie
557 925 645 981 dictu

43 1003 160 1059 Formet
172 1005 248 1060 enim
259 1008 359 1060 nstin-e
370 1007 448 1077 prius
458 1023 511 1061 nos
521 1007 600 1060 intus
610 1006 647 1060 sd
658 1023 771 1061 omnem

43 1083 233 1140 Fortunmxm
244 1086 384 1154 hebitum3
400 1086 482 1157 juvet
492 1090 542 1141 eut
553 1087 675 1157 impellit
685 1086 721 1141 ed
733 1088 804 1142 irum

43 1164 105 1219 Aut
115 1164 152 1220 od
163 1165 281 1220 humum
293 1184 415 1223 moerore
427 1168 503 1237 gravi
514 1167 628 1222 deducit
639 1171 670 1222 et
680 1169 773 1238 ungit3

42 1244 111 1300 Post
122 1245 203 1300 effert
214 1247 300 1301 enimi
312 1250 407 1304 motus
418 1248 572 1319 interprete
583 1249 684 1318 lingue

43 1327 74 1380 Si
85 1326 205 1381 dicentis
217 1331 300 1382 erunt
311 1328 432 1384 fortunis
443 1329 547 1384 absone
559 1329 636 1384 dictu

43 1406 163 1462 Romani
173 1408 276 1463 tollent
286 1411 395 1480 equites
405 1410 570 1481 peditesque
582 1411 756 1466 cachinnum.

43 1487 178 1543 intererit
190 1490 313 1544 multum
325 1490 442 1546 divusne
453 1492 585 1561 loquetur
595 1509 631 1546 en
643 1491 734 1560 heros,

42 1569 206 1624 Maturusne
217 1588 302 1627 senex
313 1589 350 1626 su
361 1572 452 1628 sdhuc
462 1573 578 1628 florente
586 1572 704 1642 juvente

43 1652 188 1722 Fervidus,
201 1657 230 1708 et
241 1659 370 1710 metrone
380 1660 481 1727 potens
493 1673 528 1712 en
540 1656 637 1711 sedule
646 1657 752 1725 nutrix,

43 1735 217 1792 Mercatorne
228 1755 315 1808 vagus
326 1739 453 1796 cultorne
463 1741 582 1794 virentis
594 1739 682 1810 agelli,

43 1816 163 1873 Oolchus
174 1835 211 1872 en
222 1819 363 1890 Assyrius,
374 1821 479 1876 Thebis
490 1821 617 1876 nutritus
628 1838 665 1875 sn
675 1821 767 1890 Argis.

43 1897 103 1954 Aut
113 1898 219 1955 famem
231 1917 345 1971 sequere
356 1905 406 1957 eut
417 1901 472 1958 sibi
484 1903 677 1957 convenientis
687 1903 767 1972 finge.

43 1981 168 2051 Scriptor
178 1983 347 2038 honoratum
358 1985 383 2039 si
394 1983 466 2039 forte
477 1986 590 2055 reponis
601 1984 749 2053 Achillem,

44 2062 174 2133 Impiger,
184 2063 338 2131 iracundus,
350 2064 535 2134 inexorabilis,
547 2082 617 2134 scer,

43 2144 61 2196 J
62 2161 112 2198 urs
123 2147 207 2213 neget
217 2144 272 2198 sibi
283 2148 357 2213 nete,
369 2145 441 2200 nihil
451 2163 507 2200 non
519 2149 628 2215 arroget
639 2144 732 2200 ermis

43 2224 87 2279 Sit
98 2224 199 2280 Medea
208 2225 286 2281 ferox
297 2226 464 2297 invictoque,
476 2227 576 2281 flebilis
589 2226 649 2294 Ino,

42 2305 168 2359 Perfidus
179 2304 269 2374 Ixion,
282 2306 314 2360 Io
324 2324 399 2377 vage,
410 2307 502 2361 tristis
514 2308 635 2361 Orestes.

44 2386 72 2439 Si
85 2385 155 2456 quid
166 2387 345 2457 inexpertum
356 2404 454 2443 soenes
467 2389 623 2443 committis
634 2392 665 2442 ct
676 2388 762 2445 sudes

42 2469 193 2525 Personam
203 2470 322 2527 formare
333 2488 441 2539 novem,
453 2474 580 2529 servetur
591 2470 626 2526 od
636 2472 727 2527 imum

44 2550 141 2616 Qualis
152 2550 188 2605 ab
199 2551 311 2621 incepto
322 2551 496 2622 processerit,
508 2554 538 2605 et
550 2552 605 2607 sibi
616 2556 733 2609 constet

43 2629 163 2685 Difficile
176 2634 220 2685 est
231 2632 343 2703 proprie
354 2632 512 2686 communia
523 2631 629 2699 dicere3
646 2637 736 2704 tuque

41 2710 158 2768 Rectius
170 2712 287 2767 iliacum
299 2729 410 2767 carmen
422 2712 536 2767 deducis
547 2714 578 2767 in
589 2717 679 2783 ectus,

43 2792 134 2859 Quem
146 2793 172 2847 si
183 2792 320 2862 proferres
330 2793 425 2862 ignote
436 2792 596 2863 indictaque
607 2796 723 2865 primus.

42 2873 156 2928 Publice
167 2874 299 2928 materies
309 2874 412 2944 privati
420 2874 493 2944 juris
504 2874 566 2943 erit,
578 2875 604 2929 si

42 2952 106 3007 Non
118 2953 194 3008 circe
204 2954 289 3007 vilem
300 2954 484 3024 patulumque
494 2954 647 3009 moneberis
658 2954 762 3024 orbem,

43 3034 102 3089 Nec
114 3035 202 3090 verbo
213 3035 330 3090 verbum
342 3035 452 3090 curubis
464 3036 577 3091 reddere
588 3036 662 3091 fidus

43 3115 195 3187 interpres,
208 3132 260 3170 nec
272 3116 382 3171 desilies
393 3116 518 3171 imitator
529 3118 559 3171 in
570 3121 680 3172 erctum

43 3194 126 3251 Unde
137 3195 238 3267 pedem
250 3196 373 3267 proferre
384 3197 474 3267 pudor
485 3200 563 3251 vetet
574 3201 624 3251 sut
636 3197 726 3269 operis
737 3197 789 3252 len

43 3274 102 3330 Nec
114 3276 156 3330 sic
167 3275 285 3347 incipies
296 3280 330 3330 ut
341 3277 461 3347 scriptor
473 3278 594 3348 cyclicus
605 3279 684 3332 olim:

42 3356 221 3413 “Fortunam
232 3356 335 3413 Priami
347 3357 464 3415 mutabo
476 3362 507 3413 ot
517 3359 610 3414 nobile
621 3358 750 3415 bellum.”
