2342 3850
240 305 287 352 rut

563 297 700 350 HORA'HI
713 299 827 350 uincor

311 429 371 485 Noe
381 431 477 484 manet
489 429 616 484 Oceanm
628 429 834 500 circumvagus:
851 446 925 499 arva,
936 429 1021 485 beata

347 509 479 565 Petamus
491 527 557 566 arva
568 509 671 564 divites
683 513 712 564 et
723 509 836 578 insulas,

311 590 415 647 Reddit
426 590 476 645 ubi
488 590 618 645 Cererem
628 591 713 646 tellus
724 591 831 646 inarata
842 592 994 662 quotannis

347 671 385 726 Et
396 673 537 743 imputata
546 671 629 726 floret
640 689 729 742 usque
740 671 829 741 vinea,

312 751 458 807 Germinat
470 756 499 808 et
510 769 655 823 nunquam
666 753 788 807 fallentis
799 755 903 807 termes
915 753 1013 824 olivae,

347 834 487 904 Suamque
497 833 574 904 pulla
585 835 656 888 ficus
668 837 749 888 ornat
760 833 894 902 arborem,

311 914 396 970 Mella
406 932 474 970 cava
484 917 601 969 manant
613 931 646 969 ex
658 914 730 981 ilice,
741 913 886 968 montibus
898 914 965 970 altis

346 995 429 1050 Levis
440 998 570 1066 crepante
581 995 699 1066 lympha
709 994 802 1049 desilit
813 995 893 1065 pede.

312 1075 374 1131 Illic
385 1075 507 1146 injuseae
518 1076 637 1131 veniunt
648 1075 683 1130 ed
694 1075 815 1130 mulctra
826 1075 956 1146 capellae,

346 1155 496 1227 Refertque
507 1159 588 1212 tanta
599 1173 666 1227 grex
678 1156 783 1210 amicus
795 1156 896 1222 ubera3

311 1235 373 1292 Nec
383 1237 561 1308 vespertinus
573 1237 765 1306 circumgemit
777 1253 860 1291 ursus
872 1237 954 1306 ovile,

345 1317 443 1388 Neque
454 1317 619 1372 intumescit
630 1317 687 1372 elta
698 1317 801 1388 viperis
812 1317 925 1372 humus.

305 1397 442 1468 Pluraque
453 1397 546 1453 falices
557 1397 737 1452 mirabimur:
755 1401 790 1452 ut
800 1415 892 1468 nequa
902 1398 987 1470 largis

341 1479 472 1549 Aquosue
484 1478 575 1533 numa
587 1495 654 1533 arva
663 1477 744 1533 radat
755 1477 902 1547 imbribus,

306 1559 422 1628 Pinguia
433 1576 485 1613 neo
496 1558 576 1612 siccis
588 1561 707 1613 urantur
717 1558 825 1612 semine
835 1558 935 1628 glebis,

345 1638 507 1709 Utrumque
518 1655 582 1709 rega
593 1641 769 1709 temperante
780 1638 918 1694 caelitum.

310 1719 377 1775 Non
388 1719 444 1775 huc
455 1719 548 1790 Argoo
560 1718 706 1773 contendit
716 1719 819 1789 remige
830 1719 924 1790 pinus,

347 1799 446 1870 Neque
458 1797 599 1869 impudica
611 1797 721 1854 Colchis
732 1799 831 1854 intulit
841 1799 941 1870 pedem
952 1821 962 1867 ;

310 1880 376 1935 Non
387 1879 443 1935 huc
455 1879 561 1935 Sidonii
572 1882 716 1935 torserumt
728 1897 831 1935 cornua
842 1883 944 1937 nautae

346 1961 496 2016 Leborioea
505 1979 557 2017 neo
569 1962 669 2015 cohors
680 1960 783 2018 Ulixei,

309 2041 396 2097 Nulla
406 2043 509 2097 nocent
520 2042 614 2111 pecori
625 2041 759 2111 contagia,
771 2040 875 2097 nullius
887 2041 958 2097 astri

346 2121 465 2192 Gregem
476 2125 606 2177 aestuosa
616 2124 705 2176 torret
717 2122 892 2193 impotentia.

311 2200 443 2272 luppiter
452 2202 502 2257 illa
512 2202 575 2273 piae
587 2202 706 2256 secrevit
716 2202 812 2257 littora
825 2202 910 2272 genti,
946 2208 952 2225 ¹

346 2282 389 2337 Ut
400 2283 557 2353 inquinavit
568 2300 630 2338 aare
642 2286 755 2353 tempus
766 2300 882 2338 ameum
892 2302 900 2349 ;

309 2364 390 2432 Aere,
402 2364 502 2421 debinc
513 2364 586 2418 ferro
598 2363 710 2419 dinavit
721 2364 827 2429 sacula3
844 2380 964 2435 quonum

345 2446 403 2500 Piis
415 2446 536 2502 secunda
546 2449 612 2503 vate
623 2464 668 2503 ma
681 2445 764 2503 datur
775 2446 848 2517 fuga.

645 2713 741 2771 XVII.
811 2732 812 2735 ¹

310 2858 373 2915 1111
381 2858 441 2929 jam
452 2858 556 2914 efficaci
568 2859 604 2913 do
616 2876 716 2914 manus
728 2858 867 2925 scientiae,

311 2938 435 3010 Supplex
447 2942 477 2993 et
489 2957 536 2994 oro
547 2956 632 3010 regna
643 2956 695 3011 per
705 2939 893 3010 Proserpinae,

310 3019 363 3074 Par
374 3022 405 3073 et
415 3018 520 3073 Dianae
531 3036 589 3073 non
600 3020 738 3075 movenda
749 3020 871 3087 numina,

310 3099 363 3153 Per
374 3102 459 3170 atque
470 3099 557 3154 libros
569 3101 726 3156 carminum
737 3100 891 3155 valentium

309 3178 406 3233 Refixa
417 3179 492 3233 caelo
504 3178 637 3234 devocare
648 3179 747 3248 sidem,

311 3257 434 3327 Canidia,
446 3276 527 3329 parce
539 3259 654 3315 vocibus
666 3259 780 3315 tandem
791 3260 877 3315 sacris

311 3334 461 3408 (titumque
473 3342 549 3393 retro
560 3338 646 3408 solve,
658 3336 734 3395 solve
745 3338 897 3395 turbinem.
