<?xml version="1.0" encoding="UTF-8"?>
<!DOCTYPE html PUBLIC "-//W3C//DTD XHTML 1.0 Transitional//EN"
    "http://www.w3.org/TR/xhtml1/DTD/xhtml1-transitional.dtd">
<html xmlns="http://www.w3.org/1999/xhtml" xml:lang="en" lang="en">
 <head>
  <title>
</title>
<meta http-equiv="Content-Type" content="text/html;charset=utf-8" />
  <meta name='ocr-system' content='tesseract 3.04.00' />
  <meta name='ocr-capabilities' content='ocr_page ocr_carea ocr_par ocr_line ocrx_word'/>
</head>
<body>
  <div class='ocr_page' id='page_1' title='image "./quintushoratius00scotgoog_0222.png"; bbox 0 0 2342 3850; ppageno 0'>
   <div class='ocr_carea' id='block_1_1' title="bbox 442 297 1602 350">
    <p class='ocr_par' dir='ltr' id='par_1_1' title="bbox 442 297 1602 350">
     <span class='ocr_line' id='line_1_1' title="bbox 442 297 1602 350; baseline -0.003 0"><span class='ocrx_word' id='word_1_1' title='bbox 442 304 531 350; x_wconf 72' lang='lat'><strong>204</strong></span> <span class='ocrx_word' id='word_1_2' title='bbox 1082 297 1351 348; x_wconf 75' lang='lat' dir='ltr'>HORATII</span> <span class='ocrx_word' id='word_1_3' title='bbox 1377 297 1602 348; x_wconf 80' lang='lat' dir='ltr'>FLACCI</span> 
     </span>
    </p>
   </div>
   <div class='ocr_carea' id='block_1_2' title="bbox 438 426 1882 982">
    <p class='ocr_par' dir='ltr' id='par_1_2' title="bbox 438 426 1647 497">
     <span class='ocr_line' id='line_1_2' title="bbox 438 426 1647 497; baseline -0.002 -15"><span class='ocrx_word' id='word_1_4' title='bbox 438 427 578 482; x_wconf 83' lang='lat' dir='ltr'><strong>Esto</strong></span> <span class='ocrx_word' id='word_1_5' title='bbox 600 427 724 482; x_wconf 88' lang='lat' dir='ltr'><strong>aliis</strong></span> <span class='ocrx_word' id='word_1_6' title='bbox 745 427 883 481; x_wconf 80' lang='lat' dir='ltr'><strong>alios</strong></span> <span class='ocrx_word' id='word_1_7' title='bbox 904 426 1073 481; x_wconf 88' lang='lat' dir='ltr'><strong>rebus</strong></span> <span class='ocrx_word' id='word_1_8' title='bbox 1096 426 1411 497; x_wconf 87' lang='lat' dir='ltr'><strong>studiisque</strong></span> <span class='ocrx_word' id='word_1_9' title='bbox 1433 427 1647 481; x_wconf 85' lang='lat' dir='ltr'><strong>teneri:</strong></span> 
     </span>
    </p>

    <p class='ocr_par' dir='ltr' id='par_1_3' title="bbox 440 506 1882 817">
     <span class='ocr_line' id='line_1_3' title="bbox 442 506 1882 579; baseline -0.001 -16"><span class='ocrx_word' id='word_1_10' title='bbox 442 508 604 564; x_wconf 84' lang='lat' dir='ltr'><strong>Idem</strong></span> <span class='ocrx_word' id='word_1_11' title='bbox 626 509 818 563; x_wconf 86' lang='lat' dir='ltr'><strong>eadem</strong></span> <span class='ocrx_word' id='word_1_12' title='bbox 840 510 1079 579; x_wconf 87' lang='lat' dir='ltr'><strong>possunt</strong></span> <span class='ocrx_word' id='word_1_13' title='bbox 1102 509 1296 563; x_wconf 89' lang='lat' dir='ltr'><strong>horam</strong></span> <span class='ocrx_word' id='word_1_14' title='bbox 1319 506 1516 562; x_wconf 84' lang='lat' dir='ltr'><strong>durare</strong></span> <span class='ocrx_word' id='word_1_15' title='bbox 1538 507 1882 579; x_wconf 66' lang='lat' dir='ltr'><strong>probantes?</strong></span> 
     </span>
     <span class='ocr_line' id='line_1_4' title="bbox 440 589 1839 659; baseline 0 -15"><span class='ocrx_word' id='word_1_16' title='bbox 440 590 646 646; x_wconf 88' lang='lat' dir='ltr'><strong>Nullus</strong></span> <span class='ocrx_word' id='word_1_17' title='bbox 668 591 729 644; x_wconf 91' lang='lat' dir='ltr'><strong>in</strong></span> <span class='ocrx_word' id='word_1_18' title='bbox 751 589 884 645; x_wconf 86' lang='lat' dir='ltr'><strong>orbe</strong></span> <span class='ocrx_word' id='word_1_19' title='bbox 908 590 1065 644; x_wconf 87' lang='lat' dir='ltr'><strong>sinus</strong></span> <span class='ocrx_word' id='word_1_20' title='bbox 1087 589 1240 643; x_wconf 87' lang='lat' dir='ltr'><strong>Baiis</strong></span> <span class='ocrx_word' id='word_1_21' title='bbox 1262 590 1544 659; x_wconf 74' lang='lat' dir='ltr'>praelucet</span> <span class='ocrx_word' id='word_1_22' title='bbox 1569 590 1839 659; x_wconf 78' lang='lat' dir='ltr'><strong>amoenis,</strong></span> 
     </span>
     <span class='ocr_line' id='line_1_5' title="bbox 443 670 1772 738; baseline 0.001 -14"><span class='ocrx_word' id='word_1_23' title='bbox 443 670 505 724; x_wconf 88' lang='lat' dir='ltr'><strong>Si</strong></span> <span class='ocrx_word' id='word_1_24' title='bbox 528 670 675 725; x_wconf 86' lang='lat' dir='ltr'><strong>dixit</strong></span> <span class='ocrx_word' id='word_1_25' title='bbox 696 671 870 738; x_wconf 85' lang='lat' dir='ltr'><strong>dives,</strong></span> <span class='ocrx_word' id='word_1_26' title='bbox 893 671 1045 724; x_wconf 84' lang='lat' dir='ltr'><strong>lacus</strong></span> <span class='ocrx_word' id='word_1_27' title='bbox 1069 673 1128 724; x_wconf 87' lang='lat' dir='ltr'><strong>et</strong></span> <span class='ocrx_word' id='word_1_28' title='bbox 1149 687 1305 724; x_wconf 87' lang='lat' dir='ltr'><strong>mare</strong></span> <span class='ocrx_word' id='word_1_29' title='bbox 1327 670 1504 724; x_wconf 87' lang='lat' dir='ltr'><strong>sentit</strong></span> <span class='ocrx_word' id='word_1_30' title='bbox 1527 687 1772 726; x_wconf 89' lang='lat' dir='ltr'><strong>amorem</strong></span> 
     </span>
     <span class='ocr_line' id='line_1_6' title="bbox 444 750 1578 817; baseline 0 -12"><span class='ocrx_word' id='word_1_31' title='bbox 444 750 786 807; x_wconf 85' lang='lat' dir='ltr'><strong>Festinantis</strong></span> <span class='ocrx_word' id='word_1_32' title='bbox 808 751 957 817; x_wconf 88' lang='lat' dir='ltr'><strong>heri3</strong></span> <span class='ocrx_word' id='word_1_33' title='bbox 991 752 1082 805; x_wconf 90' lang='lat' dir='ltr'><strong>cui</strong></span> <span class='ocrx_word' id='word_1_34' title='bbox 1107 752 1158 805; x_wconf 87' lang='lat' dir='ltr'><strong>si</strong></span> <span class='ocrx_word' id='word_1_35' title='bbox 1181 751 1384 805; x_wconf 83' lang='lat' dir='ltr'><strong>vitiosa</strong></span> <span class='ocrx_word' id='word_1_36' title='bbox 1404 751 1578 805; x_wconf 86' lang='lat' dir='ltr'><strong>libido</strong></span> 
     </span>
    </p>

    <p class='ocr_par' dir='ltr' id='par_1_4' title="bbox 441 830 1852 982">
     <span class='ocr_line' id='line_1_7' title="bbox 442 830 1852 902; baseline 0.001 -18"><span class='ocrx_word' id='word_1_37' title='bbox 442 831 660 886; x_wconf 85' lang='lat' dir='ltr'><strong>Fecerit</strong></span> <span class='ocrx_word' id='word_1_38' title='bbox 681 832 1007 902; x_wconf 78' lang='lat' dir='ltr'><strong>auspicium,</strong></span> <span class='ocrx_word' id='word_1_39' title='bbox 1032 834 1067 862; x_wconf 92' lang='lat'><strong>“</strong></span> <span class='ocrx_word' id='word_1_40' title='bbox 1088 830 1224 885; x_wconf 82' lang='lat' dir='ltr'>Cras</span> <span class='ocrx_word' id='word_1_41' title='bbox 1244 831 1580 885; x_wconf 88' lang='lat' dir='ltr'><strong>ferramenta</strong></span> <span class='ocrx_word' id='word_1_42' title='bbox 1600 830 1852 886; x_wconf 87' lang='lat' dir='ltr'><strong>Teanum</strong></span> 
     </span>
     <span class='ocr_line' id='line_1_8' title="bbox 441 910 1780 982; baseline 0 -16"><span class='ocrx_word' id='word_1_43' title='bbox 441 910 687 981; x_wconf 85' lang='lat' dir='ltr'><strong>Tolletis‚</strong></span> <span class='ocrx_word' id='word_1_44' title='bbox 709 912 897 967; x_wconf 63' lang='lat' dir='ltr'><strong>fabriss’</strong></span> <span class='ocrx_word' id='word_1_45' title='bbox 968 912 1174 967; x_wconf 88' lang='lat' dir='ltr'><strong>Lectus</strong></span> <span class='ocrx_word' id='word_1_46' title='bbox 1195 912 1425 982; x_wconf 87' lang='lat' dir='ltr'><strong>genialis</strong></span> <span class='ocrx_word' id='word_1_47' title='bbox 1445 913 1507 966; x_wconf 87' lang='lat' dir='ltr'><strong>in</strong></span> <span class='ocrx_word' id='word_1_48' title='bbox 1530 911 1654 966; x_wconf 85' lang='lat' dir='ltr'><strong>aula</strong></span> <span class='ocrx_word' id='word_1_49' title='bbox 1676 915 1780 980; x_wconf 87' lang='lat' dir='ltr'><strong>est,</strong></span> 
     </span>
    </p>
   </div>
   <div class='ocr_carea' id='block_1_3' title="bbox 557 1104 2014 1589">
    <p class='ocr_par' dir='ltr' id='par_1_5' title="bbox 557 1104 2014 1589">
     <span class='ocr_line' id='line_1_9' title="bbox 557 1104 2014 1589; baseline 0 2261"><span class='ocrx_word' id='word_1_50' title='bbox 557 1104 2014 1589; x_wconf 95' lang='lat' dir='ltr'><strong> </strong></span> 
     </span>
    </p>
   </div>
   <div class='ocr_carea' id='block_1_4' title="bbox 375 1717 1962 3403">
    <p class='ocr_par' dir='ltr' id='par_1_6' title="bbox 441 1717 1717 1790">
     <span class='ocr_line' id='line_1_10' title="bbox 441 1717 1717 1790; baseline -0.002 -16"><span class='ocrx_word' id='word_1_51' title='bbox 441 1721 538 1776; x_wconf 89' lang='lat' dir='ltr'><strong>Nil</strong></span> <span class='ocrx_word' id='word_1_52' title='bbox 560 1722 642 1776; x_wconf 90' lang='lat' dir='ltr'><strong>ait</strong></span> <span class='ocrx_word' id='word_1_53' title='bbox 663 1738 783 1776; x_wconf 86' lang='lat' dir='ltr'><strong>esse</strong></span> <span class='ocrx_word' id='word_1_54' title='bbox 806 1721 979 1790; x_wconf 69' lang='lat' dir='ltr'><strong>priua,</strong></span> <span class='ocrx_word' id='word_1_55' title='bbox 1002 1718 1204 1774; x_wconf 88' lang='lat' dir='ltr'><strong>melius</strong></span> <span class='ocrx_word' id='word_1_56' title='bbox 1227 1717 1310 1772; x_wconf 93' lang='lat' dir='ltr'><strong>nil</strong></span> <span class='ocrx_word' id='word_1_57' title='bbox 1332 1717 1540 1773; x_wconf 89' lang='lat' dir='ltr'><strong>caelibe</strong></span> <span class='ocrx_word' id='word_1_58' title='bbox 1564 1718 1680 1772; x_wconf 84' lang='lat' dir='ltr'><strong>vita</strong></span> <span class='ocrx_word' id='word_1_59' title='bbox 1702 1737 1717 1783; x_wconf 81' lang='lat'><em>3</em></span> 
     </span>
    </p>

    <p class='ocr_par' dir='ltr' id='par_1_7' title="bbox 442 1799 1664 1871">
     <span class='ocr_line' id='line_1_11' title="bbox 442 1799 1664 1871; baseline -0.003 -15"><span class='ocrx_word' id='word_1_60' title='bbox 442 1803 503 1856; x_wconf 82' lang='lat' dir='ltr'><strong>Si</strong></span> <span class='ocrx_word' id='word_1_61' title='bbox 526 1819 638 1856; x_wconf 89' lang='lat' dir='ltr'><strong>non</strong></span> <span class='ocrx_word' id='word_1_62' title='bbox 662 1803 750 1856; x_wconf 87' lang='lat' dir='ltr'><strong>est</strong></span> <span class='ocrx_word' id='word_1_63' title='bbox 777 1801 933 1871; x_wconf 85' lang='lat' dir='ltr'><strong>jurat</strong></span> <span class='ocrx_word' id='word_1_64' title='bbox 954 1800 1098 1854; x_wconf 89' lang='lat' dir='ltr'><strong>bene</strong></span> <span class='ocrx_word' id='word_1_65' title='bbox 1122 1800 1258 1854; x_wconf 85' lang='lat' dir='ltr'><strong>solis</strong></span> <span class='ocrx_word' id='word_1_66' title='bbox 1281 1816 1404 1854; x_wconf 88' lang='lat' dir='ltr'><strong>esse</strong></span> <span class='ocrx_word' id='word_1_67' title='bbox 1428 1799 1664 1853; x_wconf 88' lang='lat' dir='ltr'><strong>maritis.</strong></span> 
     </span>
    </p>

    <p class='ocr_par' dir='ltr' id='par_1_8' title="bbox 441 1877 1877 2275">
     <span class='ocr_line' id='line_1_12' title="bbox 443 1877 1792 1950; baseline -0.004 -12"><span class='ocrx_word' id='word_1_68' title='bbox 443 1883 567 1950; x_wconf 86' lang='lat' dir='ltr'><strong>Quo</strong></span> <span class='ocrx_word' id='word_1_69' title='bbox 588 1886 810 1938; x_wconf 88' lang='lat' dir='ltr'><strong>teneam</strong></span> <span class='ocrx_word' id='word_1_70' title='bbox 832 1881 1026 1936; x_wconf 86' lang='lat' dir='ltr'><strong>vultus</strong></span> <span class='ocrx_word' id='word_1_71' title='bbox 1048 1883 1365 1935; x_wconf 88' lang='lat' dir='ltr'><strong>mutantem</strong></span> <span class='ocrx_word' id='word_1_72' title='bbox 1387 1879 1585 1934; x_wconf 89' lang='lat' dir='ltr'><strong>Protea</strong></span> <span class='ocrx_word' id='word_1_73' title='bbox 1607 1878 1751 1933; x_wconf 91' lang='lat' dir='ltr'><strong>nodo</strong></span> <span class='ocrx_word' id='word_1_74' title='bbox 1769 1877 1792 1932; x_wconf 69' lang='lat'><strong>‘3</strong></span> 
     </span>
     <span class='ocr_line' id='line_1_13' title="bbox 443 1961 1877 2035; baseline -0.003 -17"><span class='ocrx_word' id='word_1_75' title='bbox 443 1964 593 2031; x_wconf 86' lang='lat' dir='ltr'><strong>Quid</strong></span> <span class='ocrx_word' id='word_1_76' title='bbox 614 1981 823 2035; x_wconf 85' lang='lat' dir='ltr'><strong>pauper</strong></span> <span class='ocrx_word' id='word_1_77' title='bbox 844 1962 867 2016; x_wconf 69' lang='lat' dir='ltr'><strong>‘t</strong></span> <span class='ocrx_word' id='word_1_78' title='bbox 935 1961 1075 2016; x_wconf 84' lang='lat' dir='ltr'><strong>Ride</strong></span> <span class='ocrx_word' id='word_1_79' title='bbox 1098 1981 1110 2015; x_wconf 75' lang='grc' dir='ltr'><strong><em>ε</em></strong></span> <span class='ocrx_word' id='word_1_80' title='bbox 1146 1964 1332 2015; x_wconf 88' lang='lat' dir='ltr'><strong>mutat</strong></span> <span class='ocrx_word' id='word_1_81' title='bbox 1355 1961 1662 2029; x_wconf 89' lang='lat' dir='ltr'><strong>coenacula,</strong></span> <span class='ocrx_word' id='word_1_82' title='bbox 1686 1961 1877 2028; x_wconf 84' lang='lat' dir='ltr'><strong>lectos,</strong></span> 
     </span>
     <span class='ocr_line' id='line_1_14' title="bbox 441 2041 1688 2113; baseline -0.004 -14"><span class='ocrx_word' id='word_1_83' title='bbox 441 2046 660 2113; x_wconf 80' lang='lat' dir='ltr'><strong>Balnea,</strong></span> <span class='ocrx_word' id='word_1_84' title='bbox 684 2049 953 2111; x_wconf 75' lang='lat' dir='ltr'><strong>tonsoreS,</strong></span> <span class='ocrx_word' id='word_1_85' title='bbox 978 2041 1252 2097; x_wconf 86' lang='lat' dir='ltr'><strong>conducto</strong></span> <span class='ocrx_word' id='word_1_86' title='bbox 1273 2041 1492 2110; x_wconf 87' lang='lat' dir='ltr'><strong>navigio</strong></span> <span class='ocrx_word' id='word_1_87' title='bbox 1515 2058 1688 2111; x_wconf 86' lang='lat' dir='ltr'><strong>aeque</strong></span> 
     </span>
     <span class='ocr_line' id='line_1_15' title="bbox 441 2121 1875 2194; baseline -0.003 -15"><span class='ocrx_word' id='word_1_88' title='bbox 441 2125 689 2180; x_wconf 83' lang='lat' dir='ltr'><strong>Nauseat</strong></span> <span class='ocrx_word' id='word_1_89' title='bbox 711 2142 776 2179; x_wconf 89' lang='lat' dir='ltr'><strong>ac</strong></span> <span class='ocrx_word' id='word_1_90' title='bbox 798 2124 1044 2194; x_wconf 81' lang='lat' dir='ltr'><strong>locuples</strong></span> <span class='ocrx_word' id='word_1_91' title='bbox 1067 2140 1236 2192; x_wconf 90' lang='lat' dir='ltr'><strong>quem</strong></span> <span class='ocrx_word' id='word_1_92' title='bbox 1259 2122 1414 2175; x_wconf 89' lang='lat' dir='ltr'><strong>ducit</strong></span> <span class='ocrx_word' id='word_1_93' title='bbox 1436 2122 1596 2191; x_wconf 86' lang='lat' dir='ltr'><strong>priva</strong></span> <span class='ocrx_word' id='word_1_94' title='bbox 1616 2121 1875 2176; x_wconf 83' lang='lat' dir='ltr'><strong>triremis.</strong></span> 
     </span>
     <span class='ocr_line' id='line_1_16' title="bbox 442 2203 1551 2275; baseline -0.004 -15"><span class='ocrx_word' id='word_1_95' title='bbox 442 2207 503 2260; x_wconf 90' lang='lat' dir='ltr'><strong>Si</strong></span> <span class='ocrx_word' id='word_1_96' title='bbox 526 2210 752 2261; x_wconf 80' lang='lat' dir='ltr'><strong>curatus</strong></span> <span class='ocrx_word' id='word_1_97' title='bbox 774 2205 1052 2275; x_wconf 70' lang='lat' dir='ltr'><strong>inaequali</strong></span> <span class='ocrx_word' id='word_1_98' title='bbox 1075 2207 1301 2257; x_wconf 77' lang='lat' dir='ltr'><strong>tonsore</strong></span> <span class='ocrx_word' id='word_1_99' title='bbox 1325 2203 1551 2272; x_wconf 82' lang='lat' dir='ltr'><strong>capillos</strong></span> 
     </span>
    </p>

    <p class='ocr_par' dir='ltr' id='par_1_9' title="bbox 443 2283 1623 2354">
     <span class='ocr_line' id='line_1_17' title="bbox 443 2283 1623 2354; baseline -0.003 -13"><span class='ocrx_word' id='word_1_100' title='bbox 443 2288 685 2354; x_wconf 80' lang='lat' dir='ltr'><strong>Occurri,</strong></span> <span class='ocrx_word' id='word_1_101' title='bbox 706 2286 853 2340; x_wconf 88' lang='lat' dir='ltr'><strong>rides</strong></span> <span class='ocrx_word' id='word_1_102' title='bbox 873 2306 888 2351; x_wconf 80' lang='lat'>3</span> <span class='ocrx_word' id='word_1_103' title='bbox 921 2286 972 2339; x_wconf 87' lang='lat' dir='ltr'><strong>si</strong></span> <span class='ocrx_word' id='word_1_104' title='bbox 994 2286 1137 2339; x_wconf 87' lang='lat' dir='ltr'><strong>forte</strong></span> <span class='ocrx_word' id='word_1_105' title='bbox 1160 2283 1430 2338; x_wconf 82' lang='lat' dir='ltr'><strong>subucula</strong></span> <span class='ocrx_word' id='word_1_106' title='bbox 1451 2300 1623 2353; x_wconf 79' lang='lat' dir='ltr'><strong>pexae</strong></span> 
     </span>
    </p>

    <p class='ocr_par' dir='ltr' id='par_1_10' title="bbox 375 2364 1903 2840">
     <span class='ocr_line' id='line_1_18' title="bbox 375 2364 1872 2442; baseline -0.003 -22"><span class='ocrx_word' id='word_1_107' title='bbox 375 2436 381 2442; x_wconf 30' lang='lat'>¹</span> <span class='ocrx_word' id='word_1_108' title='bbox 443 2366 602 2421; x_wconf 86' lang='lat' dir='ltr'><strong>Trita</strong></span> <span class='ocrx_word' id='word_1_109' title='bbox 624 2367 821 2422; x_wconf 86' lang='lat' dir='ltr'><strong>subest</strong></span> <span class='ocrx_word' id='word_1_110' title='bbox 842 2366 1064 2420; x_wconf 86' lang='lat' dir='ltr'><strong>tunicae</strong></span> <span class='ocrx_word' id='word_1_111' title='bbox 1087 2364 1176 2419; x_wconf 86' lang='lat' dir='ltr'><strong>vel</strong></span> <span class='ocrx_word' id='word_1_112' title='bbox 1197 2364 1248 2419; x_wconf 87' lang='lat' dir='ltr'><strong>si</strong></span> <span class='ocrx_word' id='word_1_113' title='bbox 1270 2368 1400 2433; x_wconf 85' lang='lat' dir='ltr'><strong>toga</strong></span> <span class='ocrx_word' id='word_1_114' title='bbox 1423 2364 1655 2418; x_wconf 86' lang='lat' dir='ltr'><strong>dissidet</strong></span> <span class='ocrx_word' id='word_1_115' title='bbox 1676 2364 1872 2435; x_wconf 85' lang='lat' dir='ltr'><strong>impar,</strong></span> 
     </span>
     <span class='ocr_line' id='line_1_19' title="bbox 438 2446 1903 2517; baseline -0.003 -15"><span class='ocrx_word' id='word_1_116' title='bbox 438 2446 645 2502; x_wconf 82' lang='lat' dir='ltr'><strong>Rides:</strong></span> <span class='ocrx_word' id='word_1_117' title='bbox 683 2446 833 2517; x_wconf 91' lang='lat' dir='ltr'><strong>quid,</strong></span> <span class='ocrx_word' id='word_1_118' title='bbox 858 2464 982 2500; x_wconf 85' lang='lat' dir='ltr'><strong>mea</strong></span> <span class='ocrx_word' id='word_1_119' title='bbox 1004 2463 1133 2500; x_wconf 91' lang='lat' dir='ltr'><strong>cum</strong></span> <span class='ocrx_word' id='word_1_120' title='bbox 1158 2449 1371 2516; x_wconf 85' lang='lat' dir='ltr'><strong>pugnat</strong></span> <span class='ocrx_word' id='word_1_121' title='bbox 1393 2446 1674 2499; x_wconf 86' lang='lat' dir='ltr'><strong>sententia</strong></span> <span class='ocrx_word' id='word_1_122' title='bbox 1696 2462 1903 2513; x_wconf 86' lang='lat' dir='ltr'><strong>secum,</strong></span> 
     </span>
     <span class='ocr_line' id='line_1_20' title="bbox 447 2526 1890 2599; baseline -0.002 -17"><span class='ocrx_word' id='word_1_123' title='bbox 447 2527 609 2596; x_wconf 87' lang='lat' dir='ltr'><strong>Quod</strong></span> <span class='ocrx_word' id='word_1_124' title='bbox 629 2528 797 2599; x_wconf 88' lang='lat' dir='ltr'><strong>petiit</strong></span> <span class='ocrx_word' id='word_1_125' title='bbox 819 2527 1052 2597; x_wconf 87' lang='lat' dir='ltr'><strong>spernit,</strong></span> <span class='ocrx_word' id='word_1_126' title='bbox 1076 2527 1286 2596; x_wconf 86' lang='lat' dir='ltr'><strong>repetit</strong></span> <span class='ocrx_word' id='word_1_127' title='bbox 1309 2526 1460 2597; x_wconf 90' lang='lat' dir='ltr'><strong>quod</strong></span> <span class='ocrx_word' id='word_1_128' title='bbox 1479 2543 1660 2596; x_wconf 83' lang='lat' dir='ltr'><strong>nuper</strong></span> <span class='ocrx_word' id='word_1_129' title='bbox 1681 2527 1890 2595; x_wconf 89' lang='lat' dir='ltr'><strong>omisit,</strong></span> 
     </span>
     <span class='ocr_line' id='line_1_21' title="bbox 444 2606 1686 2675; baseline -0.001 -13"><span class='ocrx_word' id='word_1_130' title='bbox 444 2609 685 2664; x_wconf 87' lang='lat' dir='ltr'><strong>Aestuat</strong></span> <span class='ocrx_word' id='word_1_131' title='bbox 708 2612 766 2662; x_wconf 86' lang='lat' dir='ltr'><strong>et</strong></span> <span class='ocrx_word' id='word_1_132' title='bbox 786 2609 941 2662; x_wconf 83' lang='lat' dir='ltr'><strong>vitae</strong></span> <span class='ocrx_word' id='word_1_133' title='bbox 964 2607 1313 2662; x_wconf 82' lang='lat' dir='ltr'><strong>disconvenit</strong></span> <span class='ocrx_word' id='word_1_134' title='bbox 1335 2606 1525 2661; x_wconf 88' lang='lat' dir='ltr'><strong>ordine</strong></span> <span class='ocrx_word' id='word_1_135' title='bbox 1547 2609 1686 2675; x_wconf 81' lang='lat' dir='ltr'><strong>tote,</strong></span> 
     </span>
     <span class='ocr_line' id='line_1_22' title="bbox 446 2686 1770 2758; baseline -0.002 -15"><span class='ocrx_word' id='word_1_136' title='bbox 446 2690 654 2758; x_wconf 85' lang='lat' dir='ltr'><strong>Diruit,</strong></span> <span class='ocrx_word' id='word_1_137' title='bbox 678 2688 948 2756; x_wconf 87' lang='lat' dir='ltr'><strong>aedificat,</strong></span> <span class='ocrx_word' id='word_1_138' title='bbox 972 2690 1160 2742; x_wconf 86' lang='lat' dir='ltr'><strong>mutat</strong></span> <span class='ocrx_word' id='word_1_139' title='bbox 1183 2686 1450 2757; x_wconf 86' lang='lat' dir='ltr'><strong>quadrata</strong></span> <span class='ocrx_word' id='word_1_140' title='bbox 1473 2686 1770 2742; x_wconf 66' lang='lat' dir='ltr'><strong>rotundis?</strong></span> 
     </span>
     <span class='ocr_line' id='line_1_23' title="bbox 445 2768 1696 2840; baseline -0.002 -15"><span class='ocrx_word' id='word_1_141' title='bbox 445 2771 696 2825; x_wconf 86' lang='lat' dir='ltr'><strong>Insanire</strong></span> <span class='ocrx_word' id='word_1_142' title='bbox 720 2772 889 2840; x_wconf 88' lang='lat' dir='ltr'><strong>putas</strong></span> <span class='ocrx_word' id='word_1_143' title='bbox 910 2768 1199 2835; x_wconf 77' lang='lat' dir='ltr'><strong>sollemnia</strong></span> <span class='ocrx_word' id='word_1_144' title='bbox 1219 2785 1322 2822; x_wconf 92' lang='lat' dir='ltr'><strong>me·</strong></span> <span class='ocrx_word' id='word_1_145' title='bbox 1333 2785 1513 2838; x_wconf 85' lang='lat' dir='ltr'><strong>neque</strong></span> <span class='ocrx_word' id='word_1_146' title='bbox 1536 2768 1696 2836; x_wconf 88' lang='lat' dir='ltr'><strong>rides,</strong></span> 
     </span>
    </p>

    <p class='ocr_par' dir='ltr' id='par_1_11' title="bbox 444 2848 1586 2919">
     <span class='ocr_line' id='line_1_24' title="bbox 444 2848 1586 2919; baseline -0.002 -14"><span class='ocrx_word' id='word_1_147' title='bbox 444 2850 563 2905; x_wconf 87' lang='lat' dir='ltr'><strong>Nec</strong></span> <span class='ocrx_word' id='word_1_148' title='bbox 586 2850 788 2905; x_wconf 89' lang='lat' dir='ltr'><strong>medici</strong></span> <span class='ocrx_word' id='word_1_149' title='bbox 811 2848 989 2903; x_wconf 88' lang='lat' dir='ltr'><strong>credis</strong></span> <span class='ocrx_word' id='word_1_150' title='bbox 1009 2866 1114 2903; x_wconf 90' lang='lat' dir='ltr'><strong>nec</strong></span> <span class='ocrx_word' id='word_1_151' title='bbox 1136 2849 1405 2903; x_wconf 87' lang='lat' dir='ltr'><strong>curatoris</strong></span> <span class='ocrx_word' id='word_1_152' title='bbox 1430 2866 1586 2919; x_wconf 88' lang='lat' dir='ltr'><strong>egere</strong></span> 
     </span>
    </p>

    <p class='ocr_par' dir='ltr' id='par_1_12' title="bbox 443 2929 1606 3002">
     <span class='ocr_line' id='line_1_25' title="bbox 443 2929 1606 3002; baseline -0.002 -17"><span class='ocrx_word' id='word_1_153' title='bbox 443 2932 498 2985; x_wconf 91' lang='lat' dir='ltr'>A</span> <span class='ocrx_word' id='word_1_154' title='bbox 520 2934 771 3002; x_wconf 86' lang='lat' dir='ltr'><strong>praetore</strong></span> <span class='ocrx_word' id='word_1_155' title='bbox 794 2929 926 2997; x_wconf 81' lang='lat' dir='ltr'><strong>dati,</strong></span> <span class='ocrx_word' id='word_1_156' title='bbox 945 2947 1132 2985; x_wconf 84' lang='lat' dir='ltr'><strong>rerum</strong></span> <span class='ocrx_word' id='word_1_157' title='bbox 1154 2930 1337 2984; x_wconf 89' lang='lat' dir='ltr'><strong>tutela</strong></span> <span class='ocrx_word' id='word_1_158' title='bbox 1356 2947 1606 2984; x_wconf 89' lang='lat' dir='ltr'><strong>mearum</strong></span> 
     </span>
    </p>

    <p class='ocr_par' dir='ltr' id='par_1_13' title="bbox 444 3010 1954 3162">
     <span class='ocr_line' id='line_1_26' title="bbox 446 3010 1954 3081; baseline -0.002 -15"><span class='ocrx_word' id='word_1_159' title='bbox 446 3011 593 3066; x_wconf 84' lang='lat' dir='ltr'><strong>Cum</strong></span> <span class='ocrx_word' id='word_1_160' title='bbox 614 3012 693 3066; x_wconf 88' lang='lat' dir='ltr'><strong>sis</strong></span> <span class='ocrx_word' id='word_1_161' title='bbox 717 3013 778 3065; x_wconf 90' lang='lat' dir='ltr'><strong>et</strong></span> <span class='ocrx_word' id='word_1_162' title='bbox 797 3028 967 3081; x_wconf 86' lang='lat' dir='ltr'><strong>prave</strong></span> <span class='ocrx_word' id='word_1_163' title='bbox 989 3013 1209 3066; x_wconf 86' lang='lat' dir='ltr'><strong>sectum</strong></span> <span class='ocrx_word' id='word_1_164' title='bbox 1231 3010 1592 3064; x_wconf 86' lang='lat' dir='ltr'><strong>stomacheris</strong></span> <span class='ocrx_word' id='word_1_165' title='bbox 1615 3010 1687 3065; x_wconf 91' lang='lat' dir='ltr'><strong>ob</strong></span> <span class='ocrx_word' id='word_1_166' title='bbox 1709 3026 1954 3080; x_wconf 88' lang='lat' dir='ltr'><strong>unguem</strong></span> 
     </span>
     <span class='ocr_line' id='line_1_27' title="bbox 444 3091 1602 3162; baseline 0 -17"><span class='ocrx_word' id='word_1_167' title='bbox 444 3092 528 3145; x_wconf 91' lang='lat' dir='ltr'><strong>De</strong></span> <span class='ocrx_word' id='word_1_168' title='bbox 550 3096 611 3146; x_wconf 90' lang='lat' dir='ltr'><strong>te</strong></span> <span class='ocrx_word' id='word_1_169' title='bbox 632 3091 945 3162; x_wconf 89' lang='lat' dir='ltr'><strong>pendentis,</strong></span> <span class='ocrx_word' id='word_1_170' title='bbox 970 3094 1029 3145; x_wconf 85' lang='lat' dir='ltr'><strong>te</strong></span> <span class='ocrx_word' id='word_1_171' title='bbox 1051 3091 1402 3162; x_wconf 86' lang='lat' dir='ltr'><strong>respicientis</strong></span> <span class='ocrx_word' id='word_1_172' title='bbox 1425 3092 1602 3145; x_wconf 88' lang='lat' dir='ltr'><strong>amici.</strong></span> 
     </span>
    </p>

    <p class='ocr_par' dir='ltr' id='par_1_14' title="bbox 444 3171 1962 3403">
     <span class='ocr_line' id='line_1_28' title="bbox 444 3171 1962 3242; baseline 0.001 -16"><span class='ocrx_word' id='word_1_173' title='bbox 444 3171 537 3227; x_wconf 83' lang='lat' dir='ltr'><strong>Ad</strong></span> <span class='ocrx_word' id='word_1_174' title='bbox 558 3190 865 3226; x_wconf 84' lang='lat' dir='ltr'><strong>summam:</strong></span> <span class='ocrx_word' id='word_1_175' title='bbox 902 3172 1123 3242; x_wconf 86' lang='lat' dir='ltr'><strong>sapiens</strong></span> <span class='ocrx_word' id='word_1_176' title='bbox 1146 3190 1259 3226; x_wconf 88' lang='lat' dir='ltr'><strong>uno</strong></span> <span class='ocrx_word' id='word_1_177' title='bbox 1282 3173 1465 3226; x_wconf 89' lang='lat' dir='ltr'><strong>minor</strong></span> <span class='ocrx_word' id='word_1_178' title='bbox 1487 3176 1577 3227; x_wconf 87' lang='lat' dir='ltr'><strong>est</strong></span> <span class='ocrx_word' id='word_1_179' title='bbox 1607 3172 1765 3241; x_wconf 84' lang='lat' dir='ltr'><strong>Jove,</strong></span> <span class='ocrx_word' id='word_1_180' title='bbox 1791 3172 1962 3241; x_wconf 83' lang='lat' dir='ltr'><strong>dives,</strong></span> 
     </span>
     <span class='ocr_line' id='line_1_29' title="bbox 444 3251 1877 3323; baseline 0.003 -19"><span class='ocrx_word' id='word_1_181' title='bbox 444 3251 627 3318; x_wconf 90' lang='lat' dir='ltr'><strong>Liber,</strong></span> <span class='ocrx_word' id='word_1_182' title='bbox 650 3252 971 3320; x_wconf 84' lang='lat' dir='ltr'><strong>honoratus,</strong></span> <span class='ocrx_word' id='word_1_183' title='bbox 993 3251 1238 3322; x_wconf 83' lang='lat' dir='ltr'><strong>pulcher,</strong></span> <span class='ocrx_word' id='word_1_184' title='bbox 1261 3270 1359 3307; x_wconf 86' lang='lat' dir='ltr'><strong>rex</strong></span> <span class='ocrx_word' id='word_1_185' title='bbox 1384 3252 1622 3322; x_wconf 90' lang='lat' dir='ltr'><strong>denique</strong></span> <span class='ocrx_word' id='word_1_186' title='bbox 1644 3270 1839 3323; x_wconf 87' lang='lat' dir='ltr'><strong>regum</strong></span> <span class='ocrx_word' id='word_1_187' title='bbox 1861 3273 1877 3321; x_wconf 91' lang='lat'>;</span> 
     </span>
     <span class='ocr_line' id='line_1_30' title="bbox 445 3330 1847 3403; baseline 0.006 -22"><span class='ocrx_word' id='word_1_188' title='bbox 445 3330 742 3399; x_wconf 86' lang='lat' dir='ltr'><strong>Praecipue</strong></span> <span class='ocrx_word' id='word_1_189' title='bbox 764 3348 947 3399; x_wconf 88' lang='lat' dir='ltr'><strong>sanus,</strong></span> <span class='ocrx_word' id='word_1_190' title='bbox 969 3332 1081 3386; x_wconf 88' lang='lat' dir='ltr'><strong>nisi</strong></span> <span class='ocrx_word' id='word_1_191' title='bbox 1104 3349 1233 3386; x_wconf 88' lang='lat' dir='ltr'><strong>cum</strong></span> <span class='ocrx_word' id='word_1_192' title='bbox 1254 3333 1464 3403; x_wconf 87' lang='lat' dir='ltr'><strong>pituita</strong></span> <span class='ocrx_word' id='word_1_193' title='bbox 1485 3334 1722 3389; x_wconf 76' lang='lat' dir='ltr'><strong>molesta</strong></span> <span class='ocrx_word' id='word_1_194' title='bbox 1745 3338 1847 3391; x_wconf 83' lang='lat' dir='ltr'><strong>est.</strong></span> 
     </span>
    </p>
   </div>
   <div class='ocr_carea' id='block_1_5' title="bbox 2151 2694 2256 2744">
    <p class='ocr_par' dir='ltr' id='par_1_15' title="bbox 2151 2694 2256 2744">
     <span class='ocr_line' id='line_1_31' title="bbox 2151 2694 2256 2744; baseline 0.01 -1"><span class='ocrx_word' id='word_1_195' title='bbox 2151 2694 2256 2744; x_wconf 90' lang='grc'><strong>100</strong></span> 
     </span>
    </p>
   </div>
   <div class='ocr_carea' id='block_1_6' title="bbox 2319 477 2326 3812">
    <p class='ocr_par' dir='ltr' id='par_1_16' title="bbox 2319 477 2326 3812">
     <span class='ocr_line' id='line_1_32' title="bbox 2319 477 2326 3812; baseline 0 0"><span class='ocrx_word' id='word_1_196' title='bbox 2319 477 2326 3812; x_wconf 95' lang='lat' dir='ltr'><strong> </strong></span> 
     </span>
    </p>
   </div>
  </div>
 </body>
</html>
