2342 3850
385 258 512 308 EPODON
528 259 632 319 LIBER,
647 263 670 309 2.
932 261 976 310 119

508 495 547 550 ΙΙ.

174 634 291 688 Bmus
302 633 350 687 ille
362 634 411 704 qui
422 635 520 704 procul
531 635 661 704 negotiis,

209 714 255 769 Ut
264 716 356 784 priseo
367 731 436 784 gens
447 715 617 783 mortalium,

174 795 296 850 Paterna
306 811 373 850 rurs
384 795 475 850 bobus
487 800 598 850 exeroet
610 796 676 864 suis,

211 876 326 932 Solutus
338 877 416 930 omni
427 875 532 944 fenore,

173 956 273 1028 Neque
284 958 424 1011 excitetur
434 958 550 1012 cisssieo
560 957 643 1012 miles
654 959 738 1026 truci,

209 1037 307 1108 Neque
317 1038 413 1091 horret
424 1038 529 1092 iratum
540 1055 625 1106 more,

174 1119 335 1189 Forumque
346 1119 420 1173 vitet
431 1121 461 1172 et
473 1119 594 1188 superbe
606 1119 710 1172 civium

211 1198 407 1254 Potentiomm
417 1199 525 1252 limine.

174 1279 247 1349 Ergo
258 1283 309 1333 out
320 1279 416 1333 adulte
426 1280 530 1332 vitium
541 1279 694 1349 propagine

209 1361 292 1415 Aliss
303 1360 420 1414 maritet
430 1360 558 1430 populos,

176 1441 237 1494 Aut
249 1441 280 1494 in
290 1439 408 1494 reduete
419 1441 490 1494 velle
502 1440 690 1510 mugientium

209 1521 375 1591 Prospectat
386 1524 513 1575 errantes
524 1538 631 1591 greges,

175 1602 352 1672 Inutilesque
362 1601 433 1655 feles
443 1619 537 1655 remos
548 1605 699 1671 amputans

210 1683 361 1738 Feliciores
373 1684 482 1750 inserit,

175 1763 237 1818 Aut
246 1780 345 1834 presso
355 1764 435 1832 puris
446 1763 531 1817 mello
545 1762 641 1816 condit
652 1762 802 1832 amphoris,

208 1845 272 1900 Aut
282 1842 384 1898 tondet
395 1844 520 1898 infirmes
532 1860 616 1909 oves3

174 1927 228 1982 Vel
240 1943 306 1982 oum
318 1926 448 1981 deoorum
460 1925 580 1980 mitibus
591 1926 684 1995 pomis
697 1930 782 1996 ceput

211 2009 394 2063 Auetumnus
405 2008 478 2077 egris
490 2008 601 2076 extulit,

177 2088 221 2143 Ut
232 2088 337 2158 gaudet
348 2088 463 2142 insitivo
475 2088 626 2159 decerpens
637 2088 707 2158 pira,

210 2168 374 2224 Certnntem
385 2172 415 2221 et
426 2186 511 2222 uvam
522 2185 670 2238 purpurae,

174 2250 238 2316 Quo
248 2252 413 2303 muneretur
423 2252 462 2317 te,
474 2248 582 2319 Priape,
595 2252 625 2303 et
636 2252 675 2316 te,
688 2250 768 2319 pater

210 2330 330 2397 Silvano,
344 2332 425 2385 tutor
435 2330 549 2384 finium!

175 2411 259 2465 Libet
266 2410 359 2481 jeoere
370 2410 453 2465 modo
465 2410 519 2465 sub
532 2410 649 2480 entique
660 2410 734 2479 ilice,

210 2491 295 2545 Modo
305 2492 337 2545 in
348 2491 439 2545 tensoi
451 2491 586 2560 gramine.

173 2572 322 2627 Inbuntur
333 2573 398 2626 eltis
409 2573 524 2627 interim
535 2572 605 2643 ripis
616 2590 711 2643 equae,

211 2653 593 2721 Querunturinsilviseves,
919 2638 939 2707 ί

174 2733 334 2802 Fontesque
345 2733 470 2803 lymphis
481 2733 652 2803 obstrepunt
663 2734 853 2802 manantibus,

211 2814 330 2868 Somnos
343 2814 418 2883 quod
428 2815 533 2868 invitet
544 2815 629 2869 leves.

175 2894 217 2947 At
229 2912 294 2948 eum
305 2896 432 2949 tonantis
444 2912 534 2949 annus
546 2894 682 2950 hibernus
693 2895 712 2950 J
713 2898 773 2951 ovis

211 2974 322 3029 Imbres
332 2975 467 3045 nivesque
479 2980 634 3045 comperet„

175 3056 238 3109 Aut
249 3056 341 3110 trudit
351 3074 429 3110 acres
440 3057 508 3111 hine
520 3059 549 3110 et
561 3056 628 3111 hine
639 3058 729 3113 mults
741 3074 807 3111 osne

211 3136 305 3207 Apros
315 3138 346 3191 in
358 3137 503 3191 obstantes
515 3137 616 3207 plsgss,

176 3217 238 3269 Aut
249 3218 335 3271 amite
346 3218 402 3272 levi
414 3236 476 3273 rara
486 3217 580 3272 tendit
591 3220 673 3286 retia,

212 3297 314 3353 Turdis
326 3298 458 3353 edacibus
469 3297 556 3366 dolos,
