2342 3850
656 1453 1324 1522 EPISTULARUM

457 1654 812 1720 LIBER
888 1652 1529 1723 SECUNDUS.

964 1983 1008 2036 Ι.

163 2137 291 2191 Con
313 2141 405 2190 tot
429 2137 707 2190 sustineas
731 2140 790 2191 et
812 2139 976 2190 tanta
998 2136 1224 2205 negotia
1247 2136 1412 2203 solus,

160 2218 266 2273 Res
290 2218 465 2273 Italas
486 2218 657 2272 armis
679 2218 903 2284 tuteriS,
929 2216 1182 2271 moribus
1205 2234 1384 2284 orme,

161 2298 397 2368 Legibus
421 2298 699 2368 emendent,
724 2299 786 2351 in
810 2297 1039 2369 publica
1063 2297 1355 2351 commoda
1378 2313 1601 2367 peccem

160 2378 216 2431 Si
238 2379 404 2449 longo
430 2396 686 2433 sermone
711 2396 898 2434 morer
922 2381 1024 2432 tua
1047 2381 1320 2448 tempora,
1346 2381 1559 2433 Caesar.

161 2458 430 2514 Romulus
454 2462 512 2513 et
534 2459 701 2514 Liber
722 2463 884 2530 pater
907 2462 968 2512 et
992 2475 1121 2512 cum
1147 2458 1376 2513 Castore
1401 2459 1612 2529 Pollux,

162 2540 296 2595 Post
319 2541 570 2611 ingentia
590 2541 740 2595 faeta
762 2540 994 2595 deorum
1020 2540 1080 2593 in
1104 2541 1321 2609 templa
1343 2542 1568 2612 recepti,

160 2622 309 2676 Dum
334 2626 514 2676 terras
536 2622 939 2691 hominumque
964 2621 1157 2675 colunt
1180 2638 1370 2691 genuS,
1393 2640 1591 2693 aspera
1612 2622 1759 2678 bella

160 2704 531 2773 Componunt,
555 2720 714 2773 agros
736 2703 1041 2771 assignant,
1066 2700 1274 2771 oppida
1296 2702 1565 2771 condunt,

162 2782 452 2838 Ploravere
477 2783 594 2838 suis
618 2800 732 2837 non
756 2782 1095 2853 respondere
1121 2781 1369 2836 favorem

164 2865 462 2935 Speratum
486 2864 721 2918 meritis,
794 2862 990 2917 Diram
1016 2863 1114 2931 qui
1139 2862 1399 2917 contudit
1425 2860 1665 2933 hydram
1836 2863 1904 2913 10

159 2944 419 3014 Notaque
443 2943 595 2998 fatali
617 2946 881 3015 portenta
902 2942 1090 2998 labore
1115 2942 1359 3012 subegit,

160 3024 452 3096 Comperit
474 3024 743 3079 invidiam
765 3040 1030 3095 supremo
1053 3024 1165 3076 fine
1190 3022 1422 3076 domari.

157 3104 293 3159 Urit
316 3104 470 3158 enim
491 3104 703 3175 fulgore
726 3123 829 3161 suo
852 3104 951 3175 qui
975 3106 1302 3174 praegravat
1325 3106 1477 3157 artes

157 3186 314 3240 Infra
337 3202 398 3239 se
421 3186 632 3255 positas
653 3210 667 3253 ;
692 3187 1005 3241 exstinctus
1028 3183 1310 3239 amabitur
1332 3182 1500 3238 idem.

157 3265 442 3319 Praesenti
465 3265 571 3320 tibi
593 3270 844 3321 maturos
867 3265 1134 3335 largimur
1154 3263 1412 3329 homme,

156 3345 189 3399 J
192 3344 547 3415 urandasque
571 3350 738 3402 tuum
763 3364 865 3420 per
888 3363 1095 3401 nomen
1116 3344 1382 3416 ponimus
1407 3359 1549 3409 arae,
