2342 3850
398 310 584 360 semum
597 310 618 361 Ι.
633 313 657 361 d.

57 440 144 495 Iratis
155 441 301 495 exstructo
311 437 390 494 dedit
400 439 529 509 risusque
537 437 679 508 jooosqus,

13 581 17 591 ,
57 521 136 576 Dum
145 521 262 576 flumme
271 521 333 577 sine
345 520 430 575 thure
440 519 592 589 liquesoere
604 519 701 574 limine
712 535 790 574 seoro

56 601 227 657 Persuadere
239 602 325 673 eupit
360 600 462 655 Credet
472 599 491 654 J
492 599 598 655 udseus
608 599 718 670 Apelle,
913 603 966 656 100

12 728 13 747 ἶ
56 683 124 737 Non
135 699 201 752 ego:
218 699 341 751 nemque
353 680 419 735 deos
430 679 516 735 didiei
526 697 657 736 seeumm
669 697 749 750 egere
761 697 869 749 sevum,

12 764 13 767 ’
55 763 117 817 Neo
129 764 156 817 si
168 761 239 833 quid
249 762 315 816 miri
326 761 412 816 beist
422 763 524 816 neturs
534 759 601 815 deos
613 759 644 816 id

57 844 169 898 'ffistes
181 860 217 898 ex
228 843 287 896 alto
298 841 365 896 oeeli
377 841 526 897 demittere
536 844 621 898 teoto.

56 923 242 979 Brundisium
252 923 349 995 longee
359 923 425 978 finis
436 922 603 993 chartaeque
614 922 731 992 viseque
743 923 795 978 est.

488 1257 542 1315 VL

57 1423 127 1479 Non
137 1423 215 1494 quie,
225 1423 379 1493 Mmoenus
391 1422 533 1494 Lydorum
544 1422 684 1494 quidquid
695 1422 830 1478 Etruscos

50 1502 182 1560 'Inuoluit
193 1504 265 1558 lines
275 1520 359 1558 nemo
370 1504 529 1574 generosior
539 1507 584 1558 est
596 1507 634 1572 te,

57 1585 84 1637 N
85 1603 116 1640 eo
128 1585 208 1656 quod
218 1603 289 1640 evus
299 1583 355 1639 tibi
365 1587 511 1639 metemus
521 1584 578 1639 luit
590 1588 676 1655 etque
688 1588 824 1656 petemus

58 1665 133 1720 Olim
144 1665 198 1736 qui
208 1665 317 1735 mugnis
327 1664 484 1735 legionibus
494 1665 699 1736 imperitarent,

58 1746 99 1801 Ut
110 1747 240 1817 plerique
251 1745 351 1815 solent,
362 1762 431 1800 nuso
442 1745 591 1816 suspendis
603 1745 711 1800 eduum

57 1826 183 1897 Ignotos,
196 1829 231 1880 ut
241 1844 288 1882 me
298 1826 431 1882 libertino
442 1831 523 1896 petre
534 1829 641 1881 netum

58 1908 130 1963 (lum
140 1907 246 1963 referre
257 1926 342 1979 neges
353 1907 431 1979 quali
442 1907 483 1962 sit
493 1907 614 1977 quisque
625 1911 742 1978 petente

57 1989 149 2044 Natus
161 1990 233 2045 dum
243 1990 391 2059 ingenuus,
402 1988 554 2059 persuades
566 1989 619 2043 hoo
631 1988 685 2043 tibi
697 2006 770 2057 vere,

57 2069 133 2124 Ante
143 2072 319 2141 potestatem
330 2069 406 2123 'ltrlli
417 2072 503 2139 etque
513 2068 636 2141 ignobile
648 2086 765 2139 regnum

57 2148 163 2205 Multos
173 2150 444 2221 seepevirosuullis
455 2149 610 2219 majoribus
621 2152 698 2203 ortos
931 2152 966 2203 10

57 2230 93 2284 Et
103 2232 214 2285 vixisse
224 2230 328 2301 probos
340 2231 441 2301 amplis
453 2233 484 2284 et
491 2230 646 2285 honoribus
658 2233 772 2296 suotos;

57 2310 164 2367 Oontrs
173 2311 339 2379 Ieevinum,
350 2310 445 2367 Valeri
456 2327 544 2381 genus
555 2310 631 2365 unde
643 2309 782 2382 superbus

56 2394 231 2466 Tarquinius
240 2412 326 2465 regno
336 2395 436 2465 pulsus
446 2394 529 2464 fugit,
540 2394 626 2449 unius
638 2394 709 2449 ossis

55 2475 82 2529 N
81 2495 119 2531 on
131 2493 261 2547 unquam
271 2476 363 2547 pretio
374 2476 464 2546 pliuis
474 2474 595 2543 licuisse,
607 2476 724 2528 notente

55 2557 72 2610 J
72 2558 156 2613 udice
168 2574 227 2628 quo
238 2557 314 2611 nosti
326 2556 437 2627 populo,
449 2556 498 2626 qui
510 2556 617 2609 stultus
628 2554 748 2609 honores

55 2637 144 2710 Saepe
156 2637 210 2691 det
220 2636 344 2707 indignis
355 2640 385 2690 et
396 2636 486 2691 lemae
498 2636 587 2690 servit
596 2635 719 2705 ineptus,

56 2719 109 2785 Qui
121 2721 228 2789 stupet
237 2718 269 2771 in
279 2717 373 2772 titulis
384 2720 414 2771 et
425 2715 602 2787 imaginibus
637 2715 711 2782 Quid
723 2718 836 2786 oportet

54 2798 112 2855 Nos
123 2798 220 2855 fsoere
230 2815 249 2852 a
258 2798 342 2867 vulgo
353 2798 434 2867 longe
445 2797 581 2867 longeque
592 2796 733 2851 remotosl

53 2879 187 2951 Namque
199 2882 262 2933 esto
272 2878 395 2949 populus
406 2877 527 2932 Isevino
539 2877 637 2931 mallet
649 2877 784 2931 honorem

54 2960 248 3027 QrmmDeeio
258 2958 390 3013 mundare
401 2976 481 3025 novo,
493 2974 646 3027 oensorque
657 2959 785 3013 moveret
929 2956 964 3007 20

53 3041 168 3112 Appius
178 3040 302 3110 ingenuo
312 3038 338 3093 si
349 3056 407 3093 non
419 3056 510 3094 essem
521 3040 602 3109 petie
614 3040 710 3093 nutus:

52 3120 106 3176 Vel
116 3120 227 3175 merito
238 3120 371 3189 quonism
382 3120 414 3173 in
424 3118 537 3189 propriu
548 3135 605 3172 non
617 3118 691 3188 pelle
703 3117 851 3187 quiessem.

53 3200 107 3255 Sed
118 3200 250 3270 fulgente
261 3200 353 3254 truhit
362 3199 530 3253 oonstriotos
542 3198 636 3253 Gloria
647 3213 731 3251 curru

52 3280 118 3336 Non
130 3296 231 3335 minus
242 3279 354 3349 ignotos
363 3278 513 3349 generosis.
547 3278 610 3344 Quo
620 3276 683 3343 tibi,
696 3275 770 3343 Tilli,

53 3362 174 3417 Sumere
185 3359 350 3433 depositum
361 3360 472 3415 eluviem
482 3358 598 3428 fierique
610 3356 741 3413 tribunol
