2342 3850
540 310 679 360 nomn
693 309 808 358 mccl

409 435 536 496 Manebit
548 435 583 490 ed
595 434 711 506 plenum
723 434 843 505 benigno

452 518 535 572 Ruris
547 516 685 571 honorum
697 516 831 586 opulenta
841 533 935 570 cornu.

377 600 432 654 Hic
444 598 474 652 in
485 597 601 652 reducis
611 597 682 651 valle
694 597 840 653 Caniculae

384 680 496 737 vitabis
508 681 603 733 assius
614 681 644 733 et
655 678 709 732 fide
721 677 787 733 Teia

410 761 493 815 Dices
505 759 663 814 laborantes
673 759 704 812 in
715 775 772 812 uno
792 752 794 757 ’

445 838 601 910 Penelopen
612 838 785 906 vitreamque
798 836 897 892 Circen
902 859 910 904 ;

373 921 429 976 Hic
440 919 602 975 innocentis
614 917 715 989 pocula
726 917 821 972 Lesbii

372 1002 464 1056 Duces
476 1000 530 1055 sub
544 999 652 1067 umbra,
663 1016 714 1054 nec
725 998 877 1054 Semeleius

411 1082 483 1137 Cum
494 1081 585 1135 Marte
598 1079 750 1135 confundet
762 1079 914 1150 Tbyoneus

447 1161 559 1228 Proelia,
571 1178 623 1215 nec
635 1164 745 1215 metues
757 1163 921 1230 protervum

374 1241 512 1313 Suspecta
525 1239 637 1312 Cyrum,
648 1257 684 1294 ne
696 1239 768 1294 male
780 1238 886 1310 dispari

375 1322 587 1378 Inconiinenies
598 1319 705 1390 injiciat
720 1337 821 1374 manus

412 1403 449 1458 Et
461 1403 570 1457 scindat
582 1401 745 1454 haerentem
756 1416 887 1454 coronam

451 1492 583 1547 Crinibus
595 1491 820 1561 immeritamque
832 1493 946 1545 vestem.

603 1824 711 1881 ¹XVIII.

234 2000 262 2053 N
265 2014 368 2066 unuln,
382 1999 462 2064 Vere,
474 2014 551 2051 secra
561 1997 621 2052 vite
632 1997 712 2067 prius
724 1996 829 2050 severis
841 1996 969 2050 arborem

236 2081 315 2136 Circa
326 2079 397 2133 mile
408 2077 498 2131 solum
510 2077 624 2131 Tiburis
637 2079 666 2129 el
678 2076 787 2130 moenia
799 2074 890 2130 Oeiili

237 2161 324 2215 Siccis
336 2158 429 2213 omnia
441 2175 506 2211 nam
518 2157 588 2212 dura
600 2155 668 2210 deus
680 2156 834 2227 proposuit,
845 2173 935 2226 neque

236 2240 377 2295 Mordeees
388 2239 469 2293 eliber
480 2237 631 2307 diffugiunt
643 2236 856 2291 sollicitudines

236 2322 306 2389 Quis
318 2324 385 2392 posi
397 2320 463 2374 vina
473 2336 586 2389 gravem
598 2318 729 2371 militiam
741 2321 790 2371 aui
802 2316 964 2387 pauperiem
976 2318 1091 2387 crepat?

237 2405 306 2470 Quis
317 2419 373 2456 non
384 2404 414 2454 le
426 2400 528 2471 polius,
540 2398 647 2453 Bocche
659 2401 747 2469 paler,
759 2400 850 2467 ioque,
862 2396 964 2451 decens
976 2396 1093 2451 Venusl

236 2485 278 2538 At
288 2501 323 2538 ne
336 2482 399 2553 quis
411 2480 515 2535 modici
526 2479 667 2533 transiliat
678 2495 795 2533 munera
805 2477 899 2532 Liberi

228 2564 391 2618 'Centaurea
402 2565 499 2616 monet
510 2578 575 2615 cum
587 2558 715 2630 Lapithis
726 2559 786 2612 rixa
797 2575 882 2628 super
893 2574 971 2612 mero

235 2644 386 2708 Debellaie,
398 2646 494 2696 monet
506 2641 643 2696 Sithoniis
654 2657 712 2694 non
723 2639 795 2693 levis
806 2637 901 2706 Euius,

238 2724 310 2777 Cum
322 2722 365 2776 fas
377 2724 462 2791 eique
474 2721 551 2775 nefas
564 2721 663 2791 exiguo
675 2720 731 2774 fine
742 2719 893 2775 libidinum

237 2805 407 2859 Discemuni
419 2801 501 2857 avidi
519 2802 584 2856 Non
597 2820 647 2872 ego
657 2806 695 2869 te,
708 2801 824 2856 candide
835 2799 977 2868 Bassareu,

238 2884 364 2939 Invitum
377 2882 509 2952 quatiam,
521 2900 573 2937 nec
582 2883 668 2937 variis
679 2883 771 2938 obsita
782 2881 927 2937 frondibus

238 2962 296 3019 Sub
309 2964 405 3018 divum
418 2964 534 3033 rapiam.
554 2964 641 3017 Saeva
651 2967 717 3018 iene
729 2981 793 3018 oum
805 2961 970 3031 Berecyntio

238 3046 332 3100 Cornu
343 3048 487 3116 tympana·
495 3062 566 3114 quae
578 3044 758 3114 subsequitur
770 3061 867 3099 ceecrrs
879 3044 968 3097 Amor
979 3041 1024 3095 sui

238 3128 275 3183 El
287 3127 389 3182 tollens
401 3144 521 3181 vacuum
532 3126 595 3197 plus
607 3126 694 3180 nimio
706 3124 801 3179 Gloria
812 3124 954 3191 verticem,

239 3210 395 3280 Arcemque
406 3209 489 3264 Fides
500 3208 622 3280 prodiga,
634 3205 801 3279 perlucidior
811 3206 892 3260 vitro.
