2342 3850
388 275 575 326 snmnnun
589 277 623 328 11.
639 278 662 330 8.
929 279 972 326 les

17 404 18 481 j
67 407 201 462 Audieris
213 405 321 462 melius.
356 405 431 460 'lum
442 404 578 461 Vibidius
590 403 745 460 Balatroni:

67 487 127 542 Nos
137 488 196 542 nisi
207 487 340 542 damnose
351 486 477 542 bibimus
488 486 641 541 moriemur
653 486 749 542 inulti:

66 568 105 622 nt
115 569 218 624 ralioee
228 568 320 638 poscit
333 567 458 637 majores.
493 567 613 622 Vertere
624 567 714 637 pallor

66 648 140 704 Tum
151 649 270 720 parochi
280 649 380 703 faeiem
390 647 431 704 nil
442 647 484 702 sio
495 648 650 702 metuentis
661 651 695 702 ut
707 665 784 704 sores

66 728 192 796 Peiores,
202 729 248 784 vel
259 728 334 799 qnod
344 728 416 783 male
428 728 528 783 diormt
540 728 656 783 liberius
668 728 713 782 vel

67 809 189 864 Fervida
198 810 275 880 quod
285 810 389 865 subtile
402 809 554 864 exsurdnnt
565 809 632 866 vina
644 809 778 881 palulum.

67 890 222 946 invertunt
233 891 363 946 Allifanis
373 891 481 946 vinaria
491 893 554 945 iola

67 971 201 1028 Vibidius
211 972 386 1042 Balatroque,
398 972 503 1026 seoulis
515 969 663 1038 omnibus;
679 970 731 1028 imi
936 977 973 1026 40

68 1049 210 1107 Convivae
219 1052 286 1107 leoli
296 1052 416 1107 nihilum
427 1069 547 1106 nocuere
558 1051 672 1122 lagenis.

67 1133 196 1188 Affertur
206 1133 321 1203 squillas
332 1133 407 1188 inter
418 1148 552 1187 muraena
561 1135 693 1188 natanias

68 1212 102 1268 In
110 1215 210 1284 patina
217 1217 353 1284 perrecin
387 1212 446 1268 Sub
454 1213 508 1270 hoo
514 1212 611 1268 herus:
629 1217 637 1245 ‘
643 1212 721 1268 Haeo
731 1211 858 1284 gravida’
869 1213 971 1284 inquii,

67 1294 172 1366 ‘Capta
184 1299 237 1363 est,
249 1294 371 1350 deterior
381 1298 448 1366 post
459 1297 573 1365 parium
584 1311 666 1350 earne
679 1295 782 1350 futura.

68 1375 121 1430 His
130 1376 256 1430 mixtum
264 1374 312 1446 jus
323 1379 381 1430 esi:
398 1375 458 1430 oleo
470 1375 545 1446 quod
556 1375 648 1447 prime
661 1375 776 1432 Venafri

68 1455 174 1511 Pressit
185 1455 269 1521 oella;
284 1473 350 1527 garo
361 1456 397 1510 de
409 1456 499 1510 snoois
511 1456 598 1526 piscis
610 1455 725 1523 Hiberi;

68 1537 141 1590 Vino
153 1537 336 1607 quinquenni.
348 1554 447 1591 verum
459 1537 530 1592 eitra
541 1553 618 1592 mare
630 1540 706 1606 nalo,

70 1617 144 1671 Dum
156 1617 404 1686 ooquitur-ooolo
417 1616 520 1672 Chium
531 1617 572 1672 sie
584 1618 723 1687 eosvenit,
735 1620 769 1672 ui
780 1635 840 1672 non

71 1703 132 1759 Hoo
142 1705 232 1774 magis
241 1703 331 1758 ullum
342 1703 564 1775 aliud3-pipere
576 1704 647 1772 elbo,
659 1721 716 1759 non
727 1705 788 1760 sine
800 1708 889 1773 aoeio,

71 1785 150 1852 Quod
160 1785 388 1855 Methymnaeam
399 1785 470 1839 vitio
482 1785 638 1840 mutaveril
651 1803 745 1841 uvam.
936 1790 971 1840 50

69 1864 171 1920 ibneas
181 1865 294 1935 virides,
305 1865 397 1920 inuisa
408 1881 459 1935 ego
470 1866 579 1936 primus
592 1881 700 1920 amaras

68 1944 222 2001 Monstravi
233 1946 390 2017 inooquere,
401 1946 507 2002 inlutos
520 1947 657 2005 Curtillus
669 1947 790 2016 echinos,

69 2025 111 2080 Ul
119 2026 222 2081 melius
232 2028 325 2081 muris
335 2026 411 2097 quod
422 2031 497 2082 tesia
508 2028 617 2082 marine
628 2028 771 2083 remillal’

68 2107 179 2163 Interea
189 2123 324 2178 suspense
335 2125 432 2178 graves
443 2109 538 2163 aulaea
549 2108 646 2163 minas

68 2188 101 2243 ln
112 2190 240 2259 patinam
251 2190 348 2256 fecere,
360 2189 502 2244 trahentia
513 2188 637 2260 pulveris
650 2188 705 2243 siri

68 2268 211 2335 anlum
222 2286 280 2325 non
291 2269 398 2341 Aquilo
410 2269 561 2341 Campanis
573 2270 678 2325 excibat
690 2269 772 2339 agris.

68 2346 126 2404 Nos
138 2350 231 2420 majus
242 2350 326 2405 veriti
337 2352 489 2421 postquam
500 2349 572 2404 nihil
584 2368 644 2405 esse
657 2350 754 2421 pericli

66 2429 210 2485 Sensimus
221 2431 361 2501 erigimur.
395 2431 485 2485 Rufus
497 2431 590 2501 pesilo
603 2432 703 2501 eapite,
715 2435 750 2487 ul
762 2431 788 2489 si

68 2509 155 2566 Filius
164 2512 335 2567 immaturus
346 2510 460 2581 obisset,
473 2512 547 2566 flere.
582 2512 652 2580 Quis
663 2514 739 2567 esset

69 2589 311 2662 linisnisapiens
321 2592 363 2646 sio
373 2592 568 2647 Nomentanus
579 2593 702 2647 amioum
940 2598 974 2647 60

68 2670 206 2728 Tolleret:
225 2672 313 2740 ‘Heu
325 2672 457 2741 Fortuna,
469 2674 533 2743 quis
545 2675 590 2727 ost
602 2672 737 2727 crudelior
748 2672 779 2729 in
790 2689 842 2729 nos

67 2749 107 2807 'Pe
116 2752 208 2809 densi
243 2752 286 2809 Ul
298 2770 409 2824 semper
419 2752 523 2823 gaudes
534 2752 651 2807 illudere
662 2752 748 2808 rebus

69 2833 236 2889 Humanis!¹
269 2834 372 2889 Verius
384 2851 486 2905 mappa
497 2851 671 2905 compesoere
682 2835 772 2889 risum

69 2912 123 2969 Vix
133 2916 256 2986 peior-ab
289 2915 401 2969 Balatro
412 2915 587 2985 suspendens
599 2915 694 2969 omnia
705 2932 782 2983 naso,

69 2993 160 3050 ‘Haeo
172 2998 218 3050 est
229 2994 352 3049 conditio
362 2994 491 3063 vivendi‚’
503 2996 604 3064 siebat,
618 2997 721 3065 ‘eoque

69 3073 244 3147 Responsura
254 3079 306 3130 tuo
317 3093 463 3147 nunqnam
475 3079 520 3129 est
532 3093 583 3146 par
593 3076 670 3131 fame
681 3074 777 3129 labori.

68 3155 143 3211 'lene
152 3160 188 3211 nb
199 3174 250 3226 ego
261 3159 379 3228 sooipiar
390 3158 467 3211 laule
478 3158 636 3228 torquerier
648 3157 724 3211 omni

69 3235 259 3293 soffidludine
270 3238 440 3307 districtum,
452 3255 487 3293 ne
498 3238 580 3308 panis
593 3238 719 3304 adustus,

69 3317 110 3373 ile
121 3318 194 3375 mele
206 3319 350 3375 eonditum
363 3319 413 3390 Jus
424 3321 590 3391 apponatur,
602 3321 636 3373 ul
648 3333 745 3373 omnes
