2342 3850
383 303 443 352 ARS
458 303 599 352 rennos

42 433 133 488 Mults
143 432 239 488 ferunt
250 431 316 486 enni
328 432 473 486 venientes
484 431 630 486 commode
640 448 744 500 secum,

41 515 133 568 Multa
145 513 304 568 recedentes
316 513 451 568 adimunt.
486 513 514 566 N
515 531 530 566 e
541 511 615 567 forte
626 514 728 568 seniles

41 594 212 649 Msndentur
220 593 318 664 juveni
330 597 425 664 peries
435 610 577 663 pueroque
589 594 692 662 viriles,

42 675 159 746 Semper
170 676 201 728 in
212 673 351 744 adjunctis
362 691 484 744 aevoque
496 674 667 728 morabimur
678 675 760 745 aptis

41 757 103 811 Aut
114 757 208 826 egitur
219 774 264 810 res
275 756 305 809 in
317 756 408 810 scenis
420 760 470 810 eut
481 760 544 810 ecte
555 757 681 811 refertur.

41 839 160 908 Segnius
172 839 284 892 irritent
295 839 403 892 enimes
414 837 535 892 damnes
546 855 597 908 per
608 856 713 908 eurem,

42 920 134 986 Quum
146 936 217 989 quae
229 923 297 972 sunt
310 919 397 972 oculis
408 918 534 988 subjecte
546 919 683 987 fidelibus,
694 924 725 974 et
737 937 808 991 quse

42 1000 107 1069 Ipse
119 999 176 1053 sibi
187 999 275 1054 tredit
286 1002 440 1070 spectator:
459 1017 515 1054 non
527 1003 624 1054 temen
635 1001 714 1055 intus

42 1081 135 1150 Digne
146 1081 204 1150 geri
215 1098 326 1150 promes
338 1081 369 1134 in
381 1097 503 1148 scenam,
514 1081 661 1150 multaque
672 1082 755 1136 telles

41 1161 85 1214 Ex
97 1163 187 1216 cerdis
199 1178 270 1231 quae
282 1179 348 1214 mox
359 1165 454 1214 nsrret
465 1161 596 1217 facundia
606 1180 745 1232 praesens.

40 1241 85 1296 Ne
98 1259 201 1314 pueros
213 1259 305 1296 cerem
317 1242 421 1314 populo
432 1242 531 1298 Medea
540 1244 672 1313 trucidet,

41 1326 103 1379 Aut
115 1323 238 1376 humane
249 1323 343 1393 palem
355 1327 455 1392 coquet
467 1327 532 1378 exte
543 1324 667 1378 nessi-ius
677 1325 790 1394 Atreus,

40 1406 103 1458 Aut
114 1403 146 1457 in
158 1421 237 1457 avem
248 1403 351 1458 Procne
363 1407 497 1472 vertetur,
509 1404 632 1460 Cadmus
642 1406 674 1460 in
684 1423 811 1476 unguem.

42 1485 233 1554 Quodcunque
245 1484 370 1539 ostendis
381 1484 452 1538 mihi
463 1485 503 1539 sic
514 1485 673 1540 incredulus
684 1486 738 1542 cdi

41 1567 121 1620 Neve
134 1566 226 1618 minor
237 1582 292 1618 neu
304 1566 343 1619 sit
354 1566 453 1636 quinto
465 1565 627 1636 productior
637 1570 703 1622 ectu
793 1619 797 1626 .

41 1646 158 1714 Fabula,
171 1662 242 1715 quse
252 1645 330 1715 posci
341 1646 403 1700 vult
414 1649 445 1700 et
456 1649 582 1715 spectate
593 1648 703 1717 reponi;

41 1727 102 1781 Nec
114 1727 185 1780 deus
196 1727 309 1780 intersit
320 1726 374 1780 nisi
387 1725 486 1796 dignus
497 1726 609 1780 vindice
619 1727 710 1782 nodus

42 1807 193 1872 Inciderit;
209 1824 261 1860 nec
273 1809 372 1876 quarte
383 1807 461 1876 loqui
473 1823 592 1877 persone
603 1807 718 1863 luberet.

42 1889 157 1944 Actoris
168 1891 264 1959 partes
275 1887 375 1943 chorus
387 1886 564 1959 officiumque
575 1888 657 1943 virile

42 1970 193 2039 Defendet,
205 1987 261 2023 neu
273 1969 340 2039 quid
352 1968 457 2023 medios
469 1969 619 2023 intercinat
630 1973 711 2025 ectus

43 2052 126 2119 Quod
138 2068 196 2105 nen
208 2050 351 2121 preposito
364 2048 499 2105 conducet
511 2054 540 2103 et
552 2050 666 2105 haereat
678 2054 750 2123 epte

43 2132 95 2187 1110
107 2133 191 2186 bonis
203 2132 348 2201 faveatque
361 2134 390 2184 et
402 2130 564 2185 consiiietur
576 2132 674 2200 amice,

42 2215 80 2269 Et
92 2218 172 2285 reget
184 2214 270 2268 iratos
281 2216 311 2267 et
322 2216 399 2267 emet
409 2230 522 2283 peccere
533 2214 684 2279 timentes;

43 2296 95 2349 Hle
107 2296 195 2365 depes
206 2294 300 2348 laudet
310 2310 423 2347 mensae
434 2293 536 2362 brevis,
547 2294 596 2349 ille
607 2295 749 2351 salubrem

43 2376 60 2429 J
62 2376 194 2430 ustitiam
205 2374 333 2444 legesque
345 2377 374 2428 et
386 2374 491 2445 apertis
502 2374 560 2429 ctis
571 2377 677 2445 portis;

44 2458 96 2511 Hle
108 2459 188 2525 tegat
199 2456 346 2509 commisse
357 2454 478 2524 deosque
490 2458 620 2525 precetur
631 2459 661 2509 et
672 2458 741 2524 oret,

44 2538 87 2591 Ut
99 2537 198 2593 redeat
209 2537 326 2604 miseris,
338 2534 421 2589 abest
432 2535 545 2590 fortune
556 2535 694 2606 superbis.

43 2619 126 2675 Tibia
138 2635 195 2672 non
207 2621 240 2671 ut
251 2635 327 2671 nunc
338 2616 473 2671 on'chelce
484 2616 578 2671 vincte
588 2616 729 2688 tubeeque

44 2698 175 2767 Aemula,
188 2697 238 2752 sed
250 2700 343 2752 tensus
355 2697 529 2766 simplexque
541 2697 676 2751 foramine
687 2715 776 2768 peuce

43 2781 200 2851 Adspirere
212 2782 242 2832 et
253 2777 349 2833 edesse
361 2778 451 2831 choris
463 2781 523 2833 eret
535 2777 614 2832 utilis
625 2781 711 2847 atque

45 2861 182 2915 Nondum
193 2860 283 2930 spissa
294 2860 379 2914 nimis
391 2860 530 2929 complere
542 2858 640 2914 sedilis
651 2858 739 2925 flutu;

45 2944 109 3008 Quo
121 2957 189 2995 sene
201 2939 321 3010 populus
332 2938 513 2993 numerabilis
524 2941 625 3009 utpote
636 2956 741 3010 pervus

45 3022 84 3075 Et
96 3022 172 3091 frugi
184 3024 334 3089 castusque
345 3020 573 3089 verecundusque
584 3019 684 3075 ccibst.

45 3102 201 3171 Postquam
213 3101 304 3170 coepit
315 3117 395 3169 egros
407 3098 556 3154 extendere
568 3100 659 3155 victer
670 3103 700 3153 et
710 3099 795 3155 urbes

46 3184 145 3238 letior
156 3182 287 3252 amplecti
298 3200 396 3237 murus
408 3182 529 3251 vinoque
541 3181 642 3237 diurno

46 3265 153 3321 Pleceri
165 3264 271 3319 Genius
282 3264 363 3319 festis
374 3264 490 3333 impune
502 3262 610 3333 diebus,

46 3347 179 3404 Accessit
190 3345 368 3415 numerisque
380 3343 525 3415 modisque
539 3344 652 3401 licentis
663 3345 767 3417 mej0r3
