2342 3850
216 301 262 347 184
534 298 669 347 Homrn
682 297 795 347 rnuccl

215 425 292 480 Haec
304 425 374 480 mihi
386 425 547 495 Stertinius,
560 426 721 497 sapientum
733 430 855 492 octavus,
868 427 958 481 emico

214 505 303 561 Arme
314 505 400 574 dedit,
412 506 531 576 posihec
542 525 577 561 ne
590 507 769 576 compellerer
780 506 896 563 inullus.

214 587 326 642 Dixerit
337 589 468 642 insanum
479 588 528 657 qui
541 587 719 642 melotidem
731 587 826 645 eudiei
839 591 924 658 eique

215 667 362 739 Respicere
374 669 471 738 igneio
483 669 574 722 discet
584 668 737 738 pendentia
748 672 834 738 tergo,

214 754 230 781 “
238 750 341 818 Stoice,
353 753 420 819 posi
431 749 566 803 damnum
578 749 620 803 sic
630 749 736 803 vendes
749 749 843 802 omnic
853 749 952 820 pluris,
1069 751 1119 804 300

214 829 276 896 Qua
287 847 333 886 me
344 830 476 897 stulticie,
488 830 623 899 quoniam
635 847 692 883 non
704 833 749 884 esi
760 847 848 900 genus
860 846 958 898 unum,

215 910 341 965 Insunire
353 911 452 981 pules?
487 911 547 981 Ego
559 927 625 964 nem
637 910 734 966 videor
745 911 817 964 mihi
829 911 935 965 senus.''

214 994 229 1021 “
237 991 321 1059 Quid,
334 994 419 1061 ceput
430 991 587 1045 abscissum
599 991 714 1045 demens
727 1008 791 1044 cum
803 994 898 1062 periei
910 990 1005 1060 Agave

213 1071 242 1125 N
243 1073 283 1125 eii
295 1072 421 1140 infelicis,
433 1072 490 1127 sibi
500 1075 565 1126 tum
576 1071 684 1125 furiose
695 1070 842 1125 videiurl’'

214 1153 366 1207 “Stultum
378 1171 423 1207 me
434 1153 531 1218 faleor,
543 1152 626 1206 liceei
638 1151 788 1206 concedere
800 1151 882 1218 veris,

215 1233 311 1303 Atque
324 1233 410 1288 eiiam
422 1233 567 1299 insenum3
584 1236 698 1286 iunium
709 1232 763 1286 hoc
775 1231 903 1300 edissere,
915 1248 971 1302 quo
984 1249 1032 1286 me

215 1313 368 1383 Aegroicre
381 1317 465 1384 pubes
476 1313 565 1368 enimi
576 1312 686 1368 viiiol'’
724 1315 738 1344 “
747 1313 867 1382 Accipe:
885 1313 1011 1384 primum

215 1394 361 1462 Aedificas,
374 1394 427 1448 hoc
439 1397 490 1461 esi,
503 1395 601 1464 longos
613 1393 734 1448 imiteris
746 1393 782 1448 cb
794 1394 853 1448 imo

214 1475 261 1528 Ad
272 1492 416 1530 summum
427 1477 507 1528 icius
518 1474 628 1529 moduli
640 1474 784 1545 bipedalis,
797 1479 827 1529 ei
839 1475 915 1530 idem

215 1556 338 1626 Corpore
348 1555 483 1626 majorem
495 1554 570 1609 rides
582 1554 723 1610 Turbonis
734 1556 765 1610 in
776 1555 862 1614 ermis
1071 1559 1124 1610 310

215 1636 355 1707 Spiriium
367 1640 397 1690 ei
409 1637 561 1690 incessum:
580 1637 629 1705 qui
641 1636 777 1691 ridiculus
787 1637 883 1691 minus
895 1635 961 1690 illel

214 1718 261 1770 An
273 1717 460 1787 quodcunque
472 1716 542 1771 fecit
553 1717 699 1770 Maecenas
710 1719 740 1770 ie
753 1734 864 1786 quoque
876 1733 974 1770 verum
986 1719 1033 1770 est

215 1797 339 1852 Tauium
350 1796 516 1851 dissimilem
528 1799 558 1851 ei
569 1801 651 1851 tenio
664 1800 769 1851 ceriere
782 1795 935 1852 minoreml

215 1877 351 1933 Absenlie
364 1895 447 1933 renue
459 1878 545 1949 pullis
557 1878 641 1934 vituli
653 1877 724 1948 pede
736 1877 848 1949 pressis,

216 1959 299 2013 Unus
310 1959 361 2013 ubi
373 1960 478 2029 effugit,
490 1958 576 2013 metri
589 1959 728 2027 denarret,
741 1963 775 2012 ut
786 1959 885 2029 ingens

216 2040 312 2093 Bellue
323 2042 454 2109 cognatos
466 2040 579 2094 eliserit,
615 2039 668 2093 Ille
680 2056 791 2109 rogere:

216 2120 395 2186 ‘Quenienel
412 2138 482 2175 num
494 2121 623 2183 tentum?
636 2119 750 2174 sufflans
762 2138 800 2189 se,
814 2124 822 2151 ‘
829 2138 929 2191 magne
941 2120 1076 2175 fidssetl'

215 2201 319 2271 ‘Major
330 2201 464 2257 dimidio?
501 2202 595 2255 ‘Num
607 2204 687 2255 tenio
694 2201 716 2254 l'
754 2200 827 2255 Cum
839 2200 927 2271 megis
939 2204 1025 2271 eique

215 2281 250 2335 Se
263 2282 351 2352 magis
363 2282 481 2350 inflaret,
494 2282 575 2335 ‘Non
587 2282 611 2336 si
624 2286 653 2336 ie
666 2281 791 2351 ruperis,'
804 2282 907 2351 inqiut,

214 2362 283 2415 ‘Per
295 2362 364 2417 eris?
401 2362 479 2417 Haec
489 2380 506 2417 a
517 2366 547 2417 ie
559 2380 617 2416 non
628 2362 750 2417 mulium
762 2362 872 2417 abludit
884 2362 984 2431 image
1070 2366 1126 2417 320

213 2440 295 2497 Adde
306 2447 436 2513 poemata
447 2461 529 2510 nunc,
541 2443 596 2497 hoc
609 2445 660 2511 esi,
673 2444 766 2497 oleum
780 2442 850 2497 eddo
862 2442 987 2511 cemin03

214 2524 291 2590 Quae
303 2524 327 2577 si
341 2524 405 2593 quis
416 2541 501 2578 senus
512 2523 580 2578 fecii
593 2541 679 2577 senus
691 2523 759 2577 fecis
771 2527 801 2577 ei
812 2526 854 2578 iu.

213 2605 279 2658 Non
288 2605 350 2659 dico
361 2604 529 2659 horrendem
538 2604 671 2658 ·rebiem.’'
708 2607 723 2635 “
731 2604 749 2658 J
750 2622 796 2658 em
808 2602 927 2658 desine.’'
966 2603 1114 2659 “Gustum

213 2684 349 2754 Majorem
361 2686 466 2739 censu”
503 2685 639 2753 “Tenecs,
652 2684 830 2755 Damasippo,
842 2684 901 2738 iuis
912 2684 969 2739 ie”

213 2770 228 2797 ‘⁴
236 2766 313 2821 Mille
325 2766 487 2837 puellarum,
499 2783 652 2837 puerorum
664 2766 740 2820 mille
752 2766 881 2820 furores?

213 2848 259 2903 “0
273 2848 362 2919 major
373 2848 488 2905 tandem
499 2866 605 2920 parces,
619 2849 725 2917 insane,
737 2849 841 2903 minori
849 2848 875 2903 1²²
898 2904 905 2917 ,
