2342 3850
205 321 250 367 232
427 318 563 367 nonum
575 317 690 366 FLACOI
703 317 797 366 nmsr.
813 317 833 364 L
848 320 885 365 20.

204 445 345 513 Formido,
357 449 387 500 et
397 444 533 499 luctantis
544 447 627 498 scuto
638 461 674 499 ne
685 461 762 498 secer
772 444 868 514 ungui,

205 526 369 597 “Displicet
381 527 436 580 iste
448 526 547 593 loous,”
559 526 658 594 clamo,
671 527 723 578 “et
735 524 840 578 diludia
850 525 961 594 posco.”.

206 607 303 663 Ludus
313 608 389 662 enim
400 607 498 678 genuit
509 605 652 676 trepidum
664 608 808 659 certamen
821 609 850 660 et
862 606 941 671 irem,

205 687 252 741 Ire
263 691 359 742 truces
370 685 532 742 inimicitias
543 689 574 740 et
585 686 701 741 funebre
712 685 826 741 bellum.

623 1007 686 1062 XX.

204 1163 396 1217 Vusrunuuu
407 1161 575 1231 denumque,
588 1161 665 1229 liber,
677 1165 802 1231 spectare
813 1160 922 1227 videris,

204 1244 316 1298 Scilicet
327 1246 361 1296 ut
373 1244 484 1313 prostes
495 1241 639 1295 Sosiorum
650 1241 761 1312 pumice
772 1239 901 1296 mundus.

204 1324 296 1378 Odisti
308 1324 399 1378 eleves
411 1325 440 1378 et
451 1325 530 1392 grets
541 1321 632 1393 sigilla
643 1321 745 1393 pudico
755 1341 763 1388 ;

202 1406 300 1459 Paucis
312 1403 422 1459 ostendi
434 1403 523 1472 gemis
535 1406 565 1464 et
576 1403 735 1457 communia
746 1401 850 1469 leudes,

202 1486 267 1539 Non
279 1487 319 1539 ite
330 1484 465 1538 nutritus.
499 1482 576 1553 luge
589 1499 645 1552 quo
657 1481 823 1537 descendere
835 1483 930 1552 gestis.

204 1566 268 1619 Non
280 1566 335 1620 erit
346 1564 449 1618 emisso
460 1563 568 1617 reditus
579 1562 641 1616 tibi.
677 1561 777 1629 “Quid
787 1562 872 1616 miser
883 1563 926 1632 egi
937 1563 947 1617 l

204 1647 279 1713 Quid
290 1645 365 1700 volui
377 1645 388 1700 l
398 1645 413 1670 ’⁹
432 1644 507 1700 dices
519 1643 568 1698 ubi
581 1643 645 1714 quis
656 1646 686 1697 te
697 1643 809 1698 laeserit
821 1663 828 1709 ;
840 1646 869 1698 et
881 1644 937 1698 scis

205 1728 239 1781 In
251 1728 334 1782 breve
345 1729 375 1780 te
386 1726 447 1796 cogi
459 1742 525 1780 cum
536 1724 636 1794 plenus
648 1725 761 1794 languet
772 1727 886 1779 ametor.

205 1808 309 1874 Quodsi
321 1825 377 1862 non
389 1807 454 1861 odio
465 1807 608 1877 peccantis
620 1805 723 1876 desipit
735 1823 829 1876 augur,

205 1890 291 1945 Carus
303 1890 357 1945 eris
369 1889 472 1944 Romae
484 1887 572 1943 donec
582 1891 613 1943 te
625 1887 735 1943 deseret
746 1891 823 1943 estes
835 1907 842 1953 ;

204 1972 400 2026 Contrectetus
411 1970 461 2025 ubi
473 1969 604 2025 menibus
616 1968 773 2024 sordescere
785 1969 859 2039 vulgi

205 2052 345 2122 Coeperis,
357 2055 407 2106 eut
418 2051 510 2105 tineos
521 2066 620 2121 pasces
631 2050 790 2105 taciturnus
801 2050 914 2117 inertes,

205 2134 264 2187 Aut
275 2133 365 2202 fugies
375 2131 490 2187 Uticam
502 2135 552 2186 sut
562 2132 676 2186 vinctus
687 2131 811 2185 mitteris
824 2130 953 2185 Ilerdam.

204 2213 317 2267 Ridebit
327 2213 450 2266 monitor
461 2229 518 2267 non
531 2211 686 2280 exauditus,
700 2211 791 2266 utillo

204 2296 258 2361 Qui
271 2294 342 2348 male
354 2296 500 2364 parentem
511 2294 541 2347 in
553 2310 639 2364 rupes
650 2294 789 2363 protrusit
801 2291 919 2347 asellum

206 2376 315 2429 hctus:
328 2376 392 2445 quis
404 2374 480 2428 enirn
491 2374 615 2428 invitum
627 2391 738 2428 servare
748 2374 856 2428 laboret
866 2374 876 2427 l

204 2456 266 2508 Hoc
278 2473 389 2525 quoque
401 2459 431 2510 te
443 2459 547 2523 menet,
559 2457 594 2508 ut
605 2471 708 2525 pueros
720 2454 859 2509 clemente
871 2455 1020 2509 docentem

203 2536 329 2606 Occupet
341 2535 474 2589 extremis
486 2536 517 2589 in
528 2536 599 2589 vicis
611 2534 694 2589 belbe
705 2538 842 2590 senectus

204 2616 275 2670 Cum
287 2616 341 2670 tibi
352 2616 395 2670 sol
406 2615 521 2686 tepidus
532 2615 628 2686 plures
640 2615 795 2670 admoverit
806 2633 895 2683 cures,

202 2698 255 2764 Me,
266 2697 399 2752 libertino
410 2701 509 2752 notum
520 2700 601 2768 patre
614 2700 643 2752 et
655 2697 685 2751 in
696 2697 777 2751 tenui
789 2715 828 2766 re,
1078 2702 1113 2752 20

202 2778 321 2846 Majores
333 2795 439 2849 pennus
451 2778 518 2832 nido
530 2777 691 2831 extendisse
702 2776 832 2846 loqueris,

205 2860 245 2913 Ut
259 2862 397 2929 quantum
409 2860 503 2929 generi
514 2859 610 2913 demas
622 2858 778 2913 virtutibus
791 2857 875 2913 addes
887 2878 895 2923 ;

202 2938 248 2991 Me
260 2938 358 3007 primis
370 2936 458 2991 Urbis
468 2937 535 2992 belli
547 2937 684 3008 placuisse
697 2935 828 3006 domique
841 2956 848 3002 ς

202 3018 331 3087 Corporis
343 3018 443 3088 exigui,
453 3034 630 3087 praeconum,
642 3017 748 3073 solibus
760 3020 868 3087 eptum,

203 3097 289 3151 Irasci
300 3099 425 3166 celerem,
435 3101 531 3151 temen
542 3100 578 3152 ut
590 3096 733 3168 placabilis
745 3114 844 3153 essem.

202 3178 286 3231 Forte
297 3195 392 3232 meum
404 3179 429 3233 si
441 3178 504 3248 quis
515 3181 545 3232 te
557 3178 771 3248 percontabitur
782 3194 891 3243 aevum,

202 3254 247 3305 Me
259 3258 358 3321 quater
370 3254 496 3310 undenos
507 3256 579 3309 sciet
590 3257 750 3327 implevisse
762 3258 931 3311 Decembres

203 3334 342 3402 Collegem
353 3336 490 3407 Lepidum
501 3354 557 3408 quo
569 3337 651 3393 duxit
662 3339 768 3395 Lollius
779 3357 861 3395 enno.
