2342 3850
551 271 687 320 nonem
701 270 814 320 mccl

373 400 502 472 Vtileque
512 399 603 454 flavus
615 417 699 471 quem
711 400 821 455 Tiberis
833 399 909 469 levit,

409 481 497 536 (ledes
509 484 538 535 et
550 481 701 535 exstructis
711 481 742 534 in
753 481 842 536 ultum

444 561 559 616 Divitiis
572 561 698 631 potietur
710 562 798 616 heres

339 671 343 684 ·
374 642 494 696 Divesne
508 641 600 711 prisco
612 645 696 696 nctus
708 640 743 697 sb
756 641 861 696 Inacho

374 722 424 777 Nil
435 723 554 777 interest
565 739 602 776 en
614 739 720 793 peuper
733 726 763 776 ot
774 723 871 788 infime

408 803 450 856 De
462 805 544 873 gente
556 802 610 856 sub
622 802 688 857 divo
700 802 823 870 moreris,

444 883 569 938 Victima
580 883 622 937 nil
634 883 793 938 miserentis
804 882 877 938 Orci.

369 965 473 1019 Omnes
485 964 583 1019 eodem
596 964 726 1034 cogimur,
738 963 865 1018 omnium

373 1044 509 1100 Versatur
520 1062 591 1100 uma
603 1045 692 1099 serius
704 1044 783 1098 ocius

409 1126 474 1181 Sors
486 1127 597 1181 exitura
609 1129 638 1180 et
648 1143 699 1179 nos
711 1126 742 1178 in
754 1127 900 1179 oeternum

442 1206 563 1260 Exilium
575 1207 744 1277 impositura
755 1204 879 1262 cumbee

661 1583 711 1641 IV,
735 1577 738 1584 ’

371 1761 418 1816 Nn
430 1761 469 1816 sit
481 1760 595 1816 ancillae
606 1761 661 1816 tibi
673 1779 752 1817 emor
762 1762 871 1833 pudori,

371 1841 496 1897 Xanthia
507 1841 618 1897 Phoceu
628 1845 634 1898 l
671 1841 752 1897 Prius
763 1843 931 1897 insolentem

353 1928 356 1935 '
374 1923 460 1978 Serve
472 1921 576 1977 Briseis
588 1923 670 1979 niveo
682 1925 773 1980 colore

404 2002 495 2058 Movit
507 2003 646 2058 Achillem
656 2023 664 2070 ;

369 2083 459 2139 Movit
470 2083 585 2155 Ajacem
598 2084 746 2139 Telamone
757 2088 857 2139 netum

371 2163 472 2219 Ferme
484 2166 611 2236 captivae
623 2164 768 2219 dominum
780 2165 941 2221 Tecmessae
953 2185 961 2229 ;

369 2244 449 2298 Arsit
460 2245 576 2300 Atrides
589 2245 681 2300 medio
692 2246 724 2299 in
734 2246 879 2319 triumpho

404 2324 521 2395 Virgine
533 2328 621 2397 repta,

369 2403 505 2461 meuree
517 2410 668 2477 postquem
680 2406 802 2462 oecidere
812 2411 924 2462 turmae

369 2484 501 2540 Thessalo
513 2487 620 2541 victore
632 2489 662 2541 et
674 2486 824 2557 edemptus
835 2487 942 2544 Hector

320 2632 325 2645 1
370 2565 501 2620 Tradidit
512 2566 595 2621 fessis
605 2566 709 2622 leviore
718 2567 782 2621 tolli

398 2646 528 2717 Pergsme
540 2646 630 2703 Grais,

367 2725 481 2781 Nescius
494 2744 530 2781 en
541 2730 571 2781 te
583 2745 717 2798 generum
729 2727 805 2782 besti

368 2805 506 2876 Phyllidis
518 2806 605 2863 flevsc
617 2808 749 2863 decorent
761 2811 890 2879 parentes
902 2829 908 2863 ε
921 2797 925 2812 '

369 2885 487 2955 Regium
499 2890 574 2942 certe
586 2906 673 2958 genus
685 2893 714 2944 et
726 2893 842 2961 penates

403 2964 510 3021 Meeret
521 2968 640 3039 iniquos.

369 3044 457 3101 Crede
469 3063 526 3101 non
537 3048 615 3102 illem
627 3049 682 3104 tibi
693 3049 727 3103 de
740 3050 857 3104 sceleste

367 3125 449 3182 Plebe
462 3126 600 3196 dilectum
611 3146 701 3200 neque
711 3130 752 3185 sic
763 3130 880 3197 fidelem,

368 3207 415 3262 Sic
426 3207 504 3265 lucro
516 3226 650 3279 eversum,
662 3212 789 3282 potuisse
800 3211 878 3265 nesci

403 3288 493 3343 Metro
506 3288 642 3361 pudende
