2342 3850
478 563 517 618 11.

38 685 176 739 Tucim
186 683 252 739 belli
263 685 436 754 scriptorem,
447 685 568 739 maxime
578 685 657 755 Lolli,

37 768 118 822 Dum
129 771 166 822 tu
177 767 315 823 declsmes
326 767 431 822 Romee
442 767 591 823 Praeneste
601 768 686 840 relegi
697 788 705 835 ;

38 849 97 915 Qui
108 848 182 919 quid
191 849 233 903 sit
242 849 400 920 pulchrum,
411 848 481 918 quid
492 852 584 919 turpe,
596 850 665 919 quid
676 850 755 920 utile,
767 851 835 922 quid
846 869 911 922 non,

37 928 158 983 Plenius
169 946 202 984 ec
213 929 314 984 melius
325 928 484 1000 Chrysippo
496 933 526 982 et
537 929 672 985 (trentore
684 930 759 986 dicit.

40 1009 101 1062 Cur
110 1009 155 1062 ite
166 1008 331 1063 crediderim
342 1008 398 1063 nisi
409 1008 479 1078 quid
489 1011 520 1062 te
531 1007 641 1064 detinet
652 1009 725 1066 cudi.

39 1090 149 1145 llebule
160 1107 218 1161 que
224 1089 330 1145 Paridis
340 1093 456 1161 propter
466 1093 597 1145 narretur
607 1109 731 1148 emerem

40 1171 159 1226 Graecis
170 1171 316 1226 Bubetiee
326 1171 403 1226 lento
415 1172 511 1226 collisu
521 1172 615 1227 duello

40 1253 203 1307 Stultorum
214 1269 311 1323 remim
326 1255 356 1306 et
367 1253 534 1323 populorum
545 1255 672 1308 continet
684 1258 787 1310 cestus
828 1291 832 1300 -

40 1334 173 1388 Antenor
181 1336 277 1388 censet
288 1331 355 1387 belli
365 1332 525 1402 praecidere
536 1351 665 1389 censum:

40 1413 118 1480 Quid
129 1412 228 1467 Purisl
262 1412 306 1468 Ut
316 1412 411 1468 selme
421 1417 521 1483 regnet
531 1415 664 1484 vivatque
676 1415 776 1471 beetus
912 1423 946 1474 10

42 1493 111 1563 Cogi
121 1510 206 1564 posse
217 1496 306 1564 neget.
340 1493 446 1548 Nestor
456 1511 622 1565 componere
633 1495 699 1551 lites

42 1573 125 1628 luter
135 1573 250 1628 Peliden
261 1573 379 1628 festinet
390 1577 421 1628 et
431 1575 508 1629 inter
517 1575 653 1642 Atriden;

43 1656 134 1710 Hunc
141 1672 229 1724 umor,
240 1656 282 1710 ire
293 1655 407 1726 quidem
418 1657 605 1712 communiter
615 1657 675 1712 urit
686 1661 844 1729 utrumque.

43 1734 190 1805 Quidquid
200 1734 323 1790 delirunt
330 1753 408 1805 reges
419 1736 583 1806 plectuntur
594 1737 703 1794 Achivi.

43 1816 196 1885 Seditime,
208 1815 286 1884 dolis,
297 1816 400 1871 scelere
411 1819 496 1886 etque
507 1816 625 1872 libidine
636 1822 666 1873 et
677 1819 719 1874 ire

43 1896 144 1952 llieccs
154 1897 231 1952 intre
241 1913 336 1953 mures
347 1900 480 1968 peccetur
491 1901 521 1952 et
532 1901 618 1953 extre

45 1979 154 2034 Rursus
166 1978 236 2050 quid
245 1979 336 2033 virtus
348 1979 457 2050 etquid
469 1981 606 2050 sapientie
617 1982 707 2051 possit

45 2061 124 2115 Utile
134 2061 283 2132 proposuit
294 2059 376 2114 nobie
388 2060 529 2131 exemplar
540 2061 652 2131 Ulixen,

45 2142 99 2209 Qui
111 2141 233 2196 domitor
243 2140 342 2211 'l'rojee
354 2142 509 2195 multorum
519 2143 654 2212 providus
664 2143 748 2199 urbes

44 2223 81 2276 Et
91 2240 186 2277 mores
196 2223 345 2276 hominnm
356 2223 489 2293 inspexit,
501 2224 646 2293 letumque
657 2242 828 2297 persequor,
911 2230 946 2283 20

44 2303 119 2359 Dum
130 2303 187 2358 sihi
198 2304 267 2357 dum
275 2304 359 2357 sociis
371 2302 495 2357 reditum
505 2308 595 2373 peret,
607 2322 706 2375 aspere
716 2308 806 2363 mults

46 2384 170 2439 Pertulit
180 2382 306 2438 edversis
317 2400 412 2437 rerum
423 2384 622 2439 immersebilis
634 2386 724 2441 undis.

44 2465 636 2535 SirenumvocesetOirceepoculnucsti;

44 2548 118 2613 Quee
129 2549 156 2601 si
168 2564 234 2601 cnm
245 2546 329 2601 sociis
340 2547 447 2601 stultus
458 2545 632 2617 cupidusque
643 2548 769 2619 bibisset,

44 2628 101 2682 Sub
111 2627 227 2681 domine
236 2627 384 2682 meretrice
396 2627 498 2681 fuisset
508 2629 601 2697 turpis
612 2632 642 2682 et
654 2646 757 2699 excors,

45 2707 171 2763 Vixisset
182 2708 259 2763 cenis
269 2707 432 2762 immundus
443 2708 488 2761 vel
499 2708 588 2762 amice
599 2709 660 2763 luto
672 2727 728 2765 sus

44 2788 102 2843 llos
113 2805 249 2844 numerus
258 2806 357 2844 sumus
370 2792 399 2843 et
409 2788 502 2858 fruges
514 2806 678 2846 consumere
689 2793 760 2860 neti,

44 2869 144 2940 Sponsi
155 2869 317 2940 Penelepee,
329 2868 488 2937 nebulones,
499 2869 665 2940 Alcinoique

45 2950 78 3004 ln
89 2954 155 3006 cute
168 2950 290 3005 cur-ende
300 2950 365 3020 plus
377 2966 464 3019 nequo
476 2954 589 3020 operate
596 2950 740 3022 juventus,

44 3031 257 3102 Guipnlehrum
267 3030 484 3085 luitinmedios
495 3030 617 3085 dormire
628 3031 689 3086 dies
701 3036 730 3087 et
910 3038 944 3089 30
1043 3042 1044 3047 ’

43 3111 88 3164 Ad
98 3112 251 3183 strepitum
263 3111 386 3165 citherae
398 3114 538 3165 cessatum
550 3111 651 3166 ducere
663 3130 764 3167 mrem.

43 3191 85 3245 Ut
93 3193 224 3264 jugulent
234 3192 364 3247 homines
375 3195 495 3263 surgunt
507 3192 541 3246 de
552 3196 636 3247 nocte
647 3194 784 3249 latrones:

44 3271 85 3325 Ut
94 3277 124 3329 te
135 3275 232 3345 ipsum
243 3290 336 3327 serves
348 3289 405 3326 nou
417 3273 632 3341 expergiscerisl
667 3274 757 3343 Atqui

45 3353 73 3408 Si
84 3357 162 3411 noles
174 3372 259 3410 senus
271 3372 365 3410 curres
376 3354 546 3425 hydropicus
556 3375 563 3420 ;
581 3358 611 3409 et
623 3356 653 3408 ni
