2342 3850
363 307 542 358 oramus
556 309 599 360 IV.
613 313 637 360 4.

187 439 257 493 Post
268 438 322 493 hoc
334 437 464 493 secundm
476 455 565 509 usque
576 437 720 494 laboribus

185 520 312 575 Romans
322 520 413 589 pubes
424 521 512 574 crevit
523 523 554 574 et
565 519 655 590 impio

222 601 342 655 Vastata
352 601 510 654 Poenorum
520 601 649 654 tumultu

256 681 333 736 Faue
343 680 410 734 deos
421 681 543 735 habuere
553 684 646 734 rectos
655 699 662 745 ;

186 761 323 832 Dixitque
334 761 450 816 tandem
462 762 585 833 perfidus
598 760 755 818 Hannibal:

185 845 269 899 Cervi
279 844 412 916 luporum
423 843 526 915 praeda
537 843 679 914 rapacium

220 922 367 980 Sectamur
377 925 453 979 ultro
466 943 537 995 quos
549 925 670 1005 opimus

256 1006 363 1060 Fallere
374 1009 405 1060 et
415 1006 536 1076 effligere
547 1009 592 1059 est
604 1005 775 1076 triumphus

184 1086 262 1140 Gens
273 1103 346 1157 quae
357 1089 480 1140 cremato
491 1086 573 1139 fortis
585 1085 621 1139 ab
634 1085 687 1140 llio

183 1167 297 1221 lactata
308 1165 408 1221 Tuscis
419 1165 586 1235 aequoribus
598 1183 675 1220 sacra

218 1247 247 1300 N
247 1251 364 1316 atnsque
375 1249 556 1316 maturosque
567 1247 662 1316 patres

256 1327 378 1383 Pertulit
388 1327 529 1381 Ausonias
540 1327 577 1380 ed
588 1326 680 1394 urbes,

183 1410 272 1464 Duris
284 1412 318 1462 ut
328 1408 384 1462 ilex
396 1412 479 1462 tonsa
489 1406 661 1478 bipennibus

181 1489 288 1559 Nigrae
299 1487 383 1543 feraci
394 1487 502 1542 frondis
513 1489 544 1541 in
556 1485 665 1556 Algido,

219 1570 272 1624 Per
283 1569 392 1636 damna,
404 1585 455 1639 per
466 1566 572 1634 caedes,
583 1567 695 1638 abipso

253 1651 342 1704 Ducit
353 1667 420 1720 opes
432 1649 613 1718 animumque
625 1648 706 1703 ferro.

183 1732 250 1786 Non
261 1731 353 1803 hydra
363 1734 441 1785 secto
452 1746 567 1800 corpore
579 1729 687 1783 firmior

181 1813 268 1868 Vinci
280 1811 422 1866 dolentem
433 1811 523 1865 crevit
532 1811 562 1864 in
574 1809 731 1878 Herculem,

220 1893 414 1948 Monstrumve
425 1891 579 1947 submisere
593 1890 689 1947 Colchi

255 1974 348 2028 Maius
359 1973 542 2027 Echioniaeve
553 1972 673 2028 Thebae.

181 2056 290 2109 Merses
301 2052 450 2124 profundo,
462 2053 605 2123 pulchrior
616 2054 726 2109 evenit:

182 2137 311 2203 Luctare,
323 2134 415 2188 multa
426 2138 543 2205 proruet
554 2134 697 2205 integrum

220 2217 294 2272 Oum
306 2214 388 2270 laude
399 2216 536 2269 victorem
547 2219 681 2285 geretque

254 2297 363 2351 Proelia
374 2295 539 2367 conjugibus
550 2296 699 2367 loquenda.

181 2377 351 2447 Karthagini
361 2376 421 2447 jam
431 2394 489 2431 non
501 2394 553 2447 ego
562 2378 678 2433 nonnos

181 2459 300 2513 Mittam
312 2457 460 2528 superbos:
479 2456 589 2525 occidit,
601 2458 704 2512 occidit

220 2542 291 2613 Spes
303 2540 394 2595 omnis
405 2543 435 2595 et
447 2539 559 2595 fortune
570 2541 661 2595 nostri

253 2622 387 2677 Nominis
398 2620 572 2676 Hasdrubale
584 2622 762 2693 interempto.

181 2704 234 2760 Nil
245 2703 375 2758 Chadiae
386 2720 444 2757 non
455 2704 601 2773 perficient
613 2720 720 2771 manus,

183 2787 262 2854 Quas
273 2789 303 2839 et
314 2786 435 2855 benigno
447 2784 562 2839 numine
572 2785 706 2856 luppiter

221 2865 355 2921 Defendit
366 2870 396 2920 et
408 2882 490 2920 curae
502 2882 613 2935 sagaces

255 2946 418 3019 Expediunt
428 2962 480 3017 per
490 2950 573 3002 acute
582 2944 657 3003 belli
