2342 3850
346 241 602 290 remotarum.
619 245 655 290 10.
907 242 951 290 22³

340 443 346 452 ’
462 449 541 505 XVI.

38 603 82 658 Nn
92 602 278 676 perconteris
288 601 392 656 fundus
403 619 491 671 meris,
503 604 610 674 optime
623 605 729 672 Quinti,

37 687 114 740 Arvo
127 686 231 756 pascat
242 684 342 737 herum
353 701 389 738 an
400 684 492 739 baccis
503 685 649 755 opulentet
661 686 756 755 olivae,

38 766 175 820 Pomisne
188 769 218 818 et
230 765 318 834 pratis
330 782 365 818 an
377 766 479 818 amicta
491 766 598 820 vitibus
609 766 694 833 ulmo,

37 847 191 904 Scribetur
201 846 256 899 tibi
267 847 356 900 forma
366 846 520 916 loquaciter
532 850 561 900 et
572 847 646 902 situs
658 848 722 918 agri.

39 930 181 985 Continui
193 931 304 982 montes
314 929 345 982 ni
357 928 543 983 dissocientur
554 947 640 1000 opaca

39 1011 129 1079 Valle,
141 1009 198 1064 md
207 1012 242 1063 ut
253 1009 367 1062 veniens
378 1008 509 1063 dextrum
521 1010 596 1064 latus
607 1009 742 1081 adspiciat
754 1011 809 1079 Sol,

38 1092 167 1146 laevum
180 1089 327 1144 discedens
338 1107 422 1144 curru
432 1090 558 1159 fugiente
570 1095 693 1162 vaporet.

39 1172 223 1243 Temperiem
234 1170 336 1225 laudes.
371 1170 454 1239 Quid,
466 1171 491 1224 si
503 1171 656 1226 rubicunda
667 1173 779 1243 benigni

39 1254 133 1307 Coma
143 1268 248 1322 vepres
260 1254 288 1304 et
300 1269 390 1322 pruna
401 1251 500 1319 ferant,
511 1252 537 1306 si
549 1269 668 1322 quereus
681 1256 711 1307 et
721 1254 775 1308 ilex
929 1313 931 1318 ,

38 1334 132 1387 Multa
144 1333 228 1400 fruge
239 1349 324 1401 pecus
335 1331 425 1385 multa
436 1330 580 1386 dominum
590 1332 672 1402 juvet
683 1333 791 1400 umbra,
917 1339 950 1388 10

38 1415 124 1469 Dicas
137 1413 296 1467 adductum
307 1412 422 1481 propius
433 1411 561 1466 frondere
573 1413 733 1468 Tarentum.

39 1495 115 1549 Fons
123 1494 221 1548 >etiam
231 1493 292 1546 rivo
303 1492 368 1546 dare
379 1509 482 1546 nomen
494 1492 619 1560 idoneus,
631 1497 665 1547 ut
676 1512 728 1549 nec

38 1576 183 1646 Frigidior
195 1574 331 1627 Thracam
342 1591 394 1626 nec
406 1574 503 1643 purior
514 1575 621 1628 ambiat
632 1575 752 1644 Hebrus,

39 1658 161 1711 Infirmo
174 1655 262 1725 capiti
275 1653 339 1708 fluit
349 1654 438 1722 utilis,
449 1655 529 1708 utilis
541 1655 610 1709 alvo.

39 1739 101 1793 Hae
112 1735 243 1792 latebrae
255 1734 358 1803 dulces,
369 1735 455 1788 etiam
466 1735 492 1790 si
503 1735 594 1789 credis
605 1753 744 1806 amoenae,

40 1820 222 1874 incolumem
233 1815 286 1869 tibi
297 1833 343 1869 me
354 1818 498 1886 praestant
510 1815 722 1886 Septembribus
734 1819 816 1872 horis

39 1896 646 1967 luroctevivissicurasessequodaudis

37 1983 57 2035 J
57 1986 192 2036 actamus
200 1977 369 2049 jampridem
381 1978 472 2033 omnis
482 1981 513 2032 te
525 1978 613 2033 Roma
624 1980 738 2035 beatum
750 2001 757 2046 ;

40 2062 96 2116 Sed
106 2077 211 2115 vereor
222 2076 258 2112 ne
270 2058 316 2112 cui
327 2058 361 2112 de
372 2061 402 2112 te
413 2059 478 2129 plus
490 2076 575 2131 quam
586 2060 641 2113 tibi
653 2060 756 2129 credas,

39 2135 122 2199 Neve
133 2145 222 2213 putes
233 2141 320 2195 elium
331 2140 457 2211 sapiente
468 2140 596 2210 bonoque
608 2141 730 2210 beatum,
917 2146 952 2197 20

39 2226 106 2280 Neu
118 2224 147 2278 si
157 2226 190 2277 te
202 2222 322 2291 populus
334 2238 434 2276 sanum
445 2224 575 2291 reeteque
587 2222 728 2277 valentem

38 2307 167 2361 Dictitet
179 2303 317 2357 occultam
326 2302 434 2356 febrem
445 2302 498 2356 sub
510 2304 623 2373 tempus
635 2302 734 2357 edendi

38 2384 226 2450 Dissimules,
238 2382 325 2436 donec
337 2382 466 2436 manibus
477 2384 583 2436 tremor
594 2382 699 2437 incidat
710 2386 810 2438 unctis

37 2469 207 2522 Stultorum
217 2465 344 2517 incurata
354 2462 443 2534 pudor
454 2464 545 2517 malus
556 2463 648 2518 ulcera
659 2465 738 2520 celat.

37 2550 68 2604 Si
81 2548 153 2619 quis
163 2544 239 2600 bella
249 2544 303 2597 tibi
314 2546 390 2597 terra
400 2547 522 2614 pugnata
532 2544 657 2614 marique

38 2630 129 2684 Dicat
141 2629 173 2680 et
184 2625 231 2679 his
242 2623 337 2678 verbis
347 2641 449 2685 vacuas
460 2624 632 2693 permulceat
643 2642 739 2680 aures:

36 2710 147 2765 “Tene
159 2706 249 2775 magis
260 2706 369 2759 salvum
380 2705 500 2775 populus
512 2705 580 2758 velit
592 2723 628 2759 an
639 2707 774 2777 populum
786 2711 819 2760 tu

36 2793 145 2847 Servet
157 2789 189 2841 in
200 2786 330 2855 ambiguo
342 2786 391 2855 qui
402 2785 524 2839 consulit
535 2788 565 2839 et
575 2786 630 2840 tibi
643 2789 672 2839 et
683 2786 747 2841 urbi

35 2874 55 2928 J
56 2872 180 2945 uppiter
189 2868 217 2934 ;”
228 2867 350 2936 Augusti
360 2865 456 2920 laudes
466 2883 613 2937 agnoscere
625 2868 731 2937 possis:

36 2956 117 3010 cam
130 2948 238 3021 pateris
249 2948 361 3017 sapiens
372 2946 591 3017 emendatusque
602 2948 703 3016 vocari,
869 2942 870 2948 ’
915 2952 949 3001 30

34 3030 248 3105 Respondesne
258 3032 310 3082 tuo
321 3028 366 3081 dic
377 3027 459 3082 sodes
470 3027 582 3081 nomine
591 3026 616 3081 l.
636 3028 745 3098 Nempe

35 3118 91 3171 Vir
103 3113 203 3166 bonus
215 3112 245 3163 et
255 3107 378 3179 prudens
389 3108 445 3162 diei
458 3107 578 3162 delector
590 3126 639 3178 ego
652 3126 683 3162 ac
694 3113 735 3162 tn.

35 3196 96 3264 Qui
110 3190 195 3247 dedit
206 3191 260 3244 hoc
271 3188 352 3243 hodie
363 3207 424 3243 cras
435 3190 460 3243 si
471 3189 546 3243 volet
557 3189 673 3257 auferet,
685 3191 718 3243 ut
729 3189 753 3243 si

33 3272 190 3333 Detulerit
200 3272 289 3326 fasces
300 3270 412 3340 indigno
424 3270 552 3324 detrahet
563 3270 645 3325 idern.
