2342 3850
184 327 214 373 28
505 323 639 372 nonam
653 323 765 372 rrnoc1

254 457 293 511 Te
305 458 435 511 maneant
447 456 558 526 ipsum:
576 455 707 526 precibus
718 472 775 510 non
786 454 896 526 linquar
906 456 1011 524 inultis,

289 537 383 608 Teque
396 536 504 608 piacula
515 537 591 591 nulls
602 537 750 592 resolvent.

254 618 428 688 Quamquam
440 619 555 672 festinas
567 635 625 671 non
636 621 680 672 est
692 635 770 672 mora
781 617 880 688 longa3
897 617 995 672 licebit

291 699 398 769 Injecto
410 702 455 754 ter
466 698 579 770 pulvere
591 715 693 753 cmraa

590 987 695 1044 XXIX.

328 1153 393 1222 Iccr,
405 1153 496 1209 beatis
506 1171 582 1225 nunc
594 1153 720 1209 Arabum
732 1153 842 1208 invides

326 1234 415 1302 Garis,
427 1236 456 1288 et
468 1251 560 1288 acrem
571 1235 703 1288 militiam
714 1252 795 1306 paras

362 1315 427 1369 Non
439 1318 504 1369 ante
517 1315 636 1370 devictis
648 1315 768 1370 Sabaeae

397 1394 526 1466 Regibus,
538 1395 721 1466 horribilique
733 1395 816 1451 Medo

330 1475 430 1530 Nectis
442 1479 556 1530 catenas
600 1476 678 1543 Quae
691 1476 747 1530 tibi
759 1477 900 1548 virginum

327 1556 434 1627 Sponso
446 1560 544 1610 necato
556 1556 673 1611 barbara
683 1558 806 1614 servicii

363 1637 434 1692 Puer
445 1637 509 1708 quis
522 1654 556 1690 ex
568 1636 631 1692 aula
642 1637 749 1708 capillis

399 1717 446 1771 Ad
458 1716 592 1788 cyathum
603 1721 746 1772 statuetur
757 1715 860 1786 unctis,

326 1797 434 1852 Doctus
445 1798 562 1868 sagittae
573 1797 688 1852 tendere
701 1797 807 1852 Sericas

326 1878 403 1933 Arcu
415 1878 551 1949 paterno?
588 1879 658 1947 Quis
669 1881 752 1950 neget
763 1878 858 1935 arduis

362 1959 466 2013 Pronos
478 1960 563 2015 relabi
575 1978 657 2031 posse
669 1960 744 2015 rivos

397 2039 541 2093 Montibus
554 2043 583 2094 et
595 2040 719 2095 Tiberim
731 2041 842 2108 reverti,

328 2118 399 2173 Cum
411 2123 445 2173 tu
457 2124 600 2193 coemptos
611 2121 734 2190 undique
746 2120 848 2175 nobilis

329 2200 428 2255 Libros
440 2201 553 2255 Panaeti
565 2202 735 2256 Socraticam
747 2204 776 2255 et
788 2201 904 2257 domum

364 2282 474 2336 Mutare
486 2281 578 2337 loricis
591 2281 706 2346 Hiberis

399 2362 542 2417 Pollicitus
554 2363 669 2417 meliora
679 2362 794 2417 tendis?

598 2664 690 2719 XXX.

331 2816 355 2870 0
368 2816 475 2883 Varus,
487 2817 581 2887 regina
594 2817 677 2871 Ouidi
688 2818 839 2889 Paphique,

333 2897 438 2967 Sperne
450 2896 580 2951 dilectam
593 2898 712 2969 Cypron,
725 2901 754 2952 et
766 2898 891 2953 vocantis

333 2976 426 3031 Thura
438 2979 467 3029 te
480 2977 570 3031 multo
583 2976 715 3048 Glycerae
727 2979 856 3033 decoram

368 3056 498 3111 Transfer
509 3057 539 3111 in
551 3057 654 3112 aedem

333 3135 470 3192 Fervidus
482 3139 576 3191 tecum
589 3154 659 3208 puer
671 3142 701 3192 et
712 3137 813 3192 solutis

336 3216 449 3273 Gratiae
462 3217 537 3271 aonia
549 3222 755 3289 properentque
767 3218 916 3289 Nymphae

333 3297 370 3350 Et
382 3314 481 3366 parum
495 3297 581 3351 comis
594 3298 653 3352 sine
665 3302 695 3354 tc
706 3299 724 3352 J
726 3303 843 3353 uventas

369 3376 588 3447 Mercuriusque.
