2342 3850
562 323 699 372 nonam
714 325 827 374 FLACOI

384 452 504 506 Gratum
518 453 628 509 elocuta
639 455 852 510 consiliantibus

382 532 591 592 Junone'divis:
611 533 691 602 Ilion,
705 535 780 589 Ilion

417 612 524 668 Fatalis
532 614 711 685 incestusque
720 615 807 684 judex

451 694 489 748 Et
498 695 600 750 mulier
612 698 757 767 peregrina
769 697 858 751 vertit

381 775 416 829 In
428 775 578 847 pulverem,
592 795 691 847 exque
704 776 835 831 destituit
848 777 915 832 deos

379 856 506 912 Mercede
518 862 602 928 pacta
613 858 779 926 Laomedon,
791 859 863 912 mihi

413 937 568 1008 Oastaeque
580 937 745 992 damnatum
757 939 898 994 Minervae

449 1018 520 1073 Cum
533 1018 638 1089 populo
651 1022 681 1072 et
694 1019 763 1073 duce
776 1020 959 1076 fraudulente

376 1100 395 1154 J
395 1116 441 1153 am
452 1116 504 1154 nee
516 1100 653 1154 Lacaenae
666 1099 795 1171 splendet
808 1101 950 1156 adulterae

377 1179 513 1234 Famosua
524 1179 634 1250 hospes,
647 1198 699 1234 nec
710 1180 813 1234 Priami
826 1181 927 1236 domus

412 1261 526 1330 Penjura
537 1277 676 1331 pugnaees
689 1260 813 1315 Achivos

447 1340 594 1395 Hectoreis
607 1341 708 1410 opibus
720 1340 856 1410 refringit,

374 1422 542 1492 Nostrisque
554 1422 673 1476 ductum
686 1421 873 1476 seditionibus

375 1503 484 1558 Bellum
496 1503 607 1557 resedit.
643 1503 774 1557 Protinus
786 1508 815 1557 et
826 1521 923 1574 graves

410 1584 471 1638 Irae
483 1587 513 1637 et
524 1583 648 1637 invisum
660 1587 793 1653 nepotem

445 1664 544 1718 Troica
555 1680 640 1733 quem
653 1664 764 1734 peperit
777 1664 904 1719 sacerdos

373 1745 460 1800 Marti
473 1744 615 1798 redonabo
622 1764 630 1810 ;
647 1743 729 1798 illum
741 1762 791 1815 ego
803 1745 910 1800 lucidas

374 1826 449 1880 luire
461 1824 548 1892 sedes,
560 1824 660 1878 ducere
672 1826 793 1879 nectaris

407 1906 519 1973 Succos,
531 1908 560 1960 et
571 1905 693 1961 adscribi
706 1903 809 1976 quietis

444 1986 602 2041 Ordinibus
615 1987 706 2058 patiar
719 1986 842 2041 deorum.

372 2068 449 2123 Dum
460 2067 560 2137 longus
572 2068 647 2121 inter
659 2067 764 2121 saeviat
777 2067 850 2121 ilion

373 2149 547 2217 Romamque
559 2150 664 2218 pontus
677 2147 802 2216 qualibet
815 2148 923 2203 exsules

407 2230 442 2284 lu
455 2233 535 2300 parte
548 2231 682 2299 regnanto
694 2228 786 2294 beati;

440 2309 517 2363 Dum
529 2308 633 2363 Priami
645 2308 807 2378 Paridisque
819 2306 905 2363 busto

371 2390 494 2445 Insultet
505 2392 666 2443 armentum
678 2394 708 2443 et
719 2390 827 2444 catulos
839 2390 912 2444 ferae

371 2470 471 2526 Celent
483 2469 589 2524 inultae
602 2474 659 2524 stet
672 2470 844 2541 Capitolium

404 2548 532 2619 Pulgens,
544 2548 785 2619 triumphatisque
798 2549 890 2620 possit

437 2630 527 2685 Roma
538 2630 616 2684 ferox
626 2629 691 2684 dare
700 2630 764 2699 jura
776 2630 873 2685 Medis.

366 2709 516 2765 Horrenda
528 2710 584 2765 late
597 2727 700 2764 nomen
711 2710 742 2763 in
754 2710 868 2765 ultimas

365 2790 507 2845 Extendat
519 2807 590 2858 oras,
603 2808 659 2860 qua
667 2790 777 2845 medius
789 2791 880 2861 liquor

401 2871 527 2926 Secernit
538 2870 671 2942 Europen
683 2871 718 2925 ab
730 2872 807 2940 Afro,

435 2951 497 3019 Qua
507 2951 635 3005 tumidus
647 2952 720 3022 rigat
732 2970 798 3007 arva
809 2952 898 3021 Nilus,
916 2976 921 2987 ·

363 3034 476 3088 Aurum
487 3032 657 3103 irrepertum
670 3036 699 3087 et
711 3033 752 3086 sic
764 3032 865 3087 melius
877 3033 966 3089 situm

363 3114 437 3170 eum
448 3116 525 3167 terra
536 3112 607 3167 celat
619 3129 748 3182 apemera
761 3113 861 3167 fortior

397 3194 489 3262 Quam
501 3211 598 3264 eogere
610 3192 749 3247 humanos
761 3194 793 3247 in
804 3210 873 3248 usus

432 3275 523 3329 Omne
535 3290 647 3327 sacrum
659 3273 786 3343 rapiente
799 3273 904 3328 dextra

360 3353 525 3424 Quicunque
538 3352 643 3407 mundo
656 3353 796 3421 terminus
808 3354 923 3409 obstitit
