2342 3850
224 295 268 341 228
546 291 683 342 HOBA'PII
697 293 811 342 FLAGCI

223 420 358 477 uenam?
393 419 562 492 Eutrapelus
574 421 732 492 cuicunque
743 438 843 476 nocere
854 422 965 477 volebat

223 499 402 557 Vestimenta
413 500 498 556 dabat
509 502 647 572 pretiosa:
664 501 765 556 beatus
777 503 853 556 enim
860 502 920 573 jam

223 582 297 638 Cum
307 582 434 654 pulchris
444 582 550 636 tunicis
561 586 657 638 sumet
668 600 740 638 nova
751 584 868 638 consilia
880 586 909 638 et
921 601 993 654 spes,

222 661 350 718 Dormiet
361 664 392 718 in
403 664 503 731 lucem,
516 667 610 717 scorto
622 667 774 735 postponet
785 665 936 719 honestum

222 743 360 811 Officium,
371 759 503 798 nummos
514 745 620 799 alienos
632 748 735 814 pascet,
748 744 784 799 ad
794 746 885 799 imum

222 823 314 878 Thrax
326 825 381 879 crit
392 827 442 879 aut
453 824 563 879 olitoris
573 827 638 894 aget
649 825 777 880 mercede
789 825 935 880 caballum.

221 905 364 960 &canum
375 921 468 975 neque
478 907 513 958 tu
525 905 695 960 scmtaberis
706 906 781 961 illius
792 923 925 977 unquam,

222 984 466 1056 Commissumque
477 988 556 1056 teges
568 988 599 1041 et
609 986 675 1042 vino
687 990 781 1042 tortus
793 990 822 1043 et
833 989 875 1042 ira
887 1007 894 1053 ;

220 1065 249 1120 N
251 1081 281 1120 ec
292 1069 343 1122 tua
354 1065 481 1121 laudabis
492 1067 588 1121 studia
599 1069 649 1121 aut
660 1067 749 1122 aliena
760 1065 918 1139 reprendes,

220 1146 281 1201 Nec
292 1162 357 1202 cum
368 1147 464 1202 venari
475 1147 552 1201 volet
562 1147 610 1201 ille
622 1151 750 1218 pcimate
761 1165 871 1219 panges.

221 1227 318 1282 Gratia
329 1229 371 1283 sic
382 1227 501 1283 fratrum
514 1229 690 1298 geminorum
701 1228 871 1300 Amphionis
883 1233 968 1300 atque

220 1306 303 1363 Zethi
314 1309 446 1378 dissiluit,
457 1307 546 1364 donec
558 1311 689 1380 suspecta
699 1326 796 1364 severo

222 1389 366 1444 Conticuit
376 1390 443 1461 lyra,
477 1389 623 1444 Fraternis
634 1390 750 1444 cessisse
761 1392 879 1460 putatur

220 1469 348 1524 Moribus
358 1470 520 1542 Amphion:
536 1473 572 1525 tu
583 1469 650 1525 cede
662 1471 788 1542 potentis
799 1470 883 1526 amici

221 1550 344 1606 Lenibus
355 1551 490 1622 imperiis,
502 1550 670 1621 quotiesque
681 1550 783 1606 aducm
792 1551 823 1606 in
834 1567 913 1622 agros

220 1633 331 1687 Aetolis
343 1634 459 1688 onerata
469 1630 559 1702 plagis
572 1630 702 1701 jumenta
713 1648 859 1702 canesque,

221 1713 308 1783 Surge
320 1716 350 1767 et
361 1712 529 1766 mhumauae
541 1711 653 1766 senium
664 1712 771 1783 depone
783 1711 929 1780 Camenae,

220 1793 328 1847 Coenes
339 1795 372 1847 ut
384 1793 491 1864 pariter
501 1791 649 1862 pulmenta
660 1793 802 1848 laboribus
813 1796 909 1864 empta
919 1812 927 1858 ;

219 1873 353 1930 Romanis
365 1874 500 1929 sollemne
512 1872 581 1929 viris
594 1889 672 1945 opus,
684 1873 755 1929 utile
766 1873 856 1929 famae

219 1955 359 2027 Vitaeque
370 1960 401 2011 et
411 1956 553 2024 membris,
564 1956 731 2027 praesertim
743 1974 808 2011 cum
821 1957 913 2011 valeas
925 1962 955 2011 et

218 2037 273 2095 Vel
285 2054 369 2093 cursu
381 2054 511 2108 superare
523 2054 621 2093 canem
633 2037 679 2092 vel
689 2037 798 2092 viribus
810 2054 910 2109 aprum

218 2118 320 2174 Possis
355 2118 436 2173 Adde
447 2118 541 2173 virilia
552 2117 628 2188 quod
639 2104 794 2189 speciosius
804 2135 880 2173 arma

218 2199 284 2253 Non
296 2203 341 2254 est
351 2200 401 2270 qui
411 2201 532 2253 tractet:
550 2200 613 2267 scis,
627 2216 682 2269 quo
694 2198 813 2253 clamore
825 2216 941 2253 coronae

218 2279 325 2335 Proelia
335 2281 475 2334 sustineas
487 2280 671 2350 campestria;
684 2279 803 2349 denique
815 2296 925 2334 saevam

217 2361 350 2417 Militiam
361 2379 431 2433 puer
442 2364 473 2415 et
484 2360 650 2416 Cantabrica
661 2360 733 2415 bella
743 2360 837 2415 tulisti

218 2442 277 2495 Sub
288 2440 356 2496 duce
368 2441 418 2513 qui
428 2441 544 2512 templis
555 2441 723 2495 Parthorum
735 2441 815 2511 signa
825 2440 916 2510 refigit

218 2524 309 2593 Nunc,
322 2528 351 2580 et
363 2526 388 2579 si
400 2524 468 2595 quid
479 2525 560 2580 abest
572 2524 654 2579 ltalis
665 2523 808 2594 adjudicat
823 2524 914 2578 armis.

218 2608 269 2677 Ac,
281 2627 316 2663 ne
327 2612 357 2663 te
368 2609 494 2663 retrahas
506 2611 536 2662 et
547 2607 744 2662 inexcusabilis
755 2607 837 2675 absia

218 2691 353 2758 Quamvis
364 2691 405 2745 nil
417 2694 495 2745 extra
506 2707 656 2744 numerum
668 2690 766 2745 fecisse
778 2690 948 2761 modumque

176 2812 187 2835 .
218 2776 313 2842 Oura,
326 2774 468 2829 interdum
480 2774 593 2844 nugaris
604 2791 669 2828 rure
679 2776 796 2844 paterno
806 2792 814 2839 ;

218 2860 343 2914 Partitur
353 2859 454 2914 lintres
465 2857 605 2912 exercitus
616 2878 624 2924 ;
635 2858 720 2912 Actia
731 2873 826 2927 pugna

217 2943 257 2997 Te
269 2943 339 2997 duce
351 2959 401 3013 per
412 2958 513 3013 pueros
524 2941 622 2995 hostili
634 2957 711 2995 more
723 2940 860 3005 refertur3

217 3026 399 3082 Adversarius
410 3028 454 3079 est
465 3024 560 3093 frater,
573 3024 651 3079 lacus
663 3024 777 3093 Hadria,
790 3023 877 3079 donec

217 3110 395 3164 Alterutrum
407 3108 487 3162 velox
498 3107 624 3163 Victoria
636 3107 732 3161 fronde
745 3110 867 3161 coronet.

218 3194 382 3247 Consentire
393 3192 453 3247 suis
464 3192 567 3245 studiis
579 3192 628 3261 qui
640 3189 788 3245 crediderit
799 3192 836 3255 te,

217 3273 322 3327 Fautor
332 3278 451 3344 utroque
462 3276 546 3327 tuum
557 3272 682 3327 laudabit
693 3272 792 3343 pollice
803 3270 910 3325 ludum.

218 3355 348 3409 Protinus
359 3360 393 3409 ut
404 3373 540 3424 moneam,
553 3356 578 3410 si
590 3356 658 3426 quid
669 3356 817 3410 monitoris
829 3372 892 3424 eges
904 3356 944 3422 tu,
