2342 3850
556 289 692 338 nostru
704 289 818 338 salom

345 419 410 473 Non
421 422 455 474 ut
466 418 601 489 superbas
613 417 722 473 invidae
735 417 914 489 Karthaginis

378 500 519 554 Romanus
530 517 607 554 eroes
619 502 721 568 ureret,

345 581 473 636 Intaetus
483 585 533 636 eut
545 582 698 636 Britannus
709 581 743 636 ut
754 579 931 635 descenderet

379 662 462 718 Sacra
473 666 618 717 catenatus
629 663 683 732 vie,

344 742 399 796 Sed
410 745 444 796 ut
455 743 610 797 seeundum
621 747 687 797 vota
698 742 865 798 Parthorum
876 759 927 796 sue

379 823 457 878 Urbs
468 823 536 877 haee
548 824 653 894 periret
664 823 777 877 dextera
788 823 798 877 l

344 903 443 974 Neque
454 903 501 958 hio
512 904 588 973 lupis
600 921 661 958 mos
672 922 724 958 neo
732 904 788 958 fuit
798 903 926 959 leonibus

379 985 513 1056 Unquam
523 985 579 1038 nisi
591 986 622 1038 in
633 985 728 1055 dispar
738 985 812 1039 feris.

344 1065 468 1120 Etuorne
480 1082 587 1133 caecus
600 1083 635 1120 an
647 1066 721 1135 rapit
732 1066 777 1119 vis
788 1065 885 1134 acrior,

378 1147 425 1200 An
437 1147 538 1217 culpat
574 1145 748 1216 Responsum
760 1145 832 1200 dete.

342 1226 448 1282 'l'aoent
459 1230 489 1281 et
500 1227 581 1281 albus
593 1244 640 1281 ora
651 1227 739 1297 pallor
750 1226 840 1280 infioit

377 1307 542 1378 Mentesque
553 1307 695 1378 perculsae
707 1307 830 1377 stupent.

343 1391 390 1446 Sio
401 1394 461 1446 est:
479 1391 578 1446 aeerba
589 1391 647 1444 fate
659 1390 797 1444 Romanos
808 1392 894 1460 agtmt

377 1472 527 1542 Seelusque
538 1472 677 1526 fraternae
688 1472 771 1540 neeis,

342 1552 385 1608 Ut
396 1552 571 1607 immerentis
582 1551 665 1606 fluxit
676 1553 706 1606 in
718 1556 821 1607 terram
833 1551 914 1606 Remi

377 1634 459 1688 Sooer
469 1633 620 1704 nepotibus
632 1650 719 1687 eruor.

653 1948 734 2007 VIIL

341 2116 462 2169 Menan
472 2116 554 2186 longo
565 2114 695 2187 putidam
706 2118 735 2168 te
747 2114 848 2183 seeiilo,

376 2196 458 2251 Vires
469 2196 537 2266 quid
549 2200 663 2251 enervet
674 2197 764 2251 meas!

342 2276 414 2332 (lum
426 2277 464 2331 sit
475 2276 529 2331 tibi
540 2277 609 2332 dens
621 2280 682 2331 ater
693 2280 722 2331 et
734 2276 810 2347 rugis
822 2278 902 2329 vetus

375 2356 510 2412 Frontem
521 2362 652 2413 senectus
664 2360 769 2425 exaret,

340 2438 463 2509 Hietque
474 2440 567 2509 turpis
579 2440 655 2494 inter
665 2438 757 2493 arides
768 2440 848 2491 nates

375 2519 467 2574 Podex
478 2519 555 2573 velut
567 2519 668 2573 crudae
680 2520 767 2574 bovis

340 2600 395 2655 Sed
405 2600 506 2654 incitet
518 2618 563 2654 me
574 2602 673 2670 peetus
684 2602 715 2654 et
726 2614 862 2654 mammae
873 2598 978 2668 putres,

374 2680 484 2751 Equina
495 2681 591 2751 quales
602 2680 695 2749 ubera,

340 2760 500 2832 venterque
511 2761 605 2815 mollis
617 2763 646 2815 et
657 2762 748 2815 femur
758 2758 934 2815 tumentibus

374 2840 454 2895 Exile
465 2842 538 2897 suris
549 2842 685 2897 additum.

339 2921 409 2975 Esto
420 2922 509 2990 beata,
520 2925 605 2977 funus
617 2926 701 2993 atque
713 2922 847 2992 imagines

373 3003 486 3058 Ducant
497 3002 682 3074 triumphales
693 3006 785 3071 tuum,

338 3083 399 3137 Nee
409 3083 448 3138 sit
459 3084 567 3152 marita
579 3101 650 3155 quae
661 3083 869 3140 rotundioribus
915 3122 919 3127 -

374 3163 482 3218 Onusta
492 3164 584 3218 baeeis
596 3164 728 3219 ambulet.

339 3243 421 3311 Quid,
433 3244 508 3313 quod
517 3243 606 3298 libelli
617 3244 705 3298 Stoici
717 3244 795 3301 inter·
801 3246 902 3301 sericos

372 3321 392 3376 J
391 3340 469 3377 aoere
480 3324 611 3394 pulvillos
623 3327 731 3381 amant:
