2342 3850
531 289 662 340 monos
677 289 781 352 mm,
797 293 835 347 17.

294 421 334 477 Et
343 423 385 490 tu,
397 422 478 493 potes
489 437 565 490 num,
575 419 653 476 solve
664 437 710 476 me
722 421 871 491 dementis,

296 501 384 558 Onec
394 503 520 573 paternis
531 502 657 557 obsoleta
668 501 807 572 sordibus,

295 582 394 653 Neque
406 584 436 637 in
447 583 583 654 sepulcris
594 599 748 654 pauperum
759 583 883 654 prudens
893 599 965 638 enus

294 660 480 717 Novendisles
491 662 627 733 dissipare
638 663 775 734 pulveres

294 741 359 796 Tibi
370 743 508 815 hospitale
518 747 619 814 pectus
630 747 660 798 et
671 761 758 816 pru-se
769 761 878 814 manus,

296 823 428 894 Tuusque
439 827 538 878 venter
549 824 732 893 Pactumeius,
744 827 774 878 et
781 828 832 879 tuo

296 905 400 960 Omore
411 905 512 960 rubros
524 905 660 960 obstetrix
672 923 780 978 pennos
790 907 867 974 lavit,

296 985 447 1056 Utcunque
459 986 541 1040 fortis
552 987 648 1041 exsilis
659 1003 802 1057 puerpera.

330 1066 406 1134 Quid
417 1067 552 1122 obseratis
567 1067 682 1122 curibus
693 1067 789 1122 fundis
800 1066 913 1138 preces?

294 1146 359 1202 Non
371 1147 529 1202 sexsnudis
540 1148 669 1202 surdiora
680 1148 783 1203 navitis

292 1228 443 1300 Neptunus
454 1229 513 1283 ulto
522 1229 620 1283 tundit
631 1228 765 1284 hibernus
776 1229 842 1284 selo.

294 1309 408 1364 Inultus
418 1312 453 1365 ut
463 1312 498 1364 tu
509 1309 604 1364 riseris
616 1309 743 1381 Ootyttis

293 1390 422 1460 Vulgsts,
434 1406 544 1444 ssorum
556 1388 638 1444 liberi
651 1389 806 1461 Cupidinis,

293 1469 331 1525 Et
342 1471 482 1540 Esquilini
493 1472 620 1542 pontifex
632 1471 747 1525 venefici
800 1497 805 1506 ·

294 1553 414 1625 Impune
425 1558 460 1609 ut
473 1555 579 1610 Urbem
591 1555 704 1609 nomine
716 1553 841 1626 impleris
852 1557 928 1609 meo!

292 1637 368 1705 Quid
377 1637 508 1709 proderet
519 1638 625 1692 ditasse
636 1638 762 1708 Pelignus
774 1655 852 1708 snus,

292 1721 458 1776 Velociusve
468 1721 614 1776 miscuisse
626 1720 769 1775 toxicuml

291 1804 347 1860 Sed
356 1803 479 1860 tardiora
489 1805 548 1859 ists
558 1807 589 1859 te
600 1805 675 1859 votis
686 1806 815 1858 manent:

292 1887 406 1959 Ingrnts
416 1889 518 1944 misero
529 1888 589 1944 vita
601 1887 727 1943 ducende
738 1889 782 1943 est
793 1888 824 1942 in
835 1887 889 1943 boc

291 1969 381 2025 Novis
392 1974 427 2025 ut
437 1986 527 2040 usque
537 1972 672 2041 suppetas
683 1968 833 2024 laboribus

292 2049 381 2122 Optat
392 2051 516 2121 quietem
528 2050 638 2121 Pelopis
649 2049 729 2104 inlidi
741 2052 829 2120 peter,

291 2128 383 2200 Egens
393 2130 529 2201 benignae
540 2130 675 2185 lentulus
686 2146 797 2200 semper
808 2128 896 2200 dapis,

291 2210 379 2281 Optat
390 2210 573 2266 Prometheus
585 2210 724 2281 obligatus
735 2210 805 2277 aliti,

290 2290 378 2361 Optat
389 2308 520 2363 supremo
532 2292 665 2347 collocare
676 2290 815 2362 Sisyphus

292 2372 327 2427 In
338 2378 435 2428 monte
446 2392 561 2441 sexum3
578 2373 628 2429 sed
640 2376 738 2428 vetent
749 2373 824 2443 leges
835 2372 853 2428 J
854 2372 922 2429 ovis

224 2445 227 2453 ’
292 2454 378 2509 Voles
388 2455 473 2509 modo
483 2455 548 2510 eltis
559 2454 671 2509 desilire
682 2454 816 2523 turribus,

292 2536 376 2592 Modo
387 2555 454 2593 ense
464 2542 563 2609 pectus
575 2538 679 2592 Norico
690 2536 839 2606 recludere,

289 2616 460 2688 Frustrsque
471 2619 563 2673 vincla
573 2619 683 2687 gutturi
695 2620 791 2673 nectes
802 2620 854 2672 tuo

289 2696 446 2753 Fastidiose
451 2699 546 2753 tristis
556 2698 732 2769 aegrimoniis

289 2778 429 2833 Vectebor
439 2779 564 2833 humeris
574 2783 645 2833 tunc
656 2796 706 2850 ego
717 2778 838 2834 inimicis
850 2794 944 2850 eques,

288 2858 422 2929 Meseque
433 2862 508 2913 terre
519 2860 601 2915 cedet
612 2859 784 2915 insolentiae.

288 2941 336 2994 An
347 2957 418 3010 quse
429 2957 541 2996 movere
552 2958 645 2996 cerens
656 2940 801 3011 imagines,

288 3021 332 3076 Ut
343 3023 403 3092 ipse
414 3021 490 3076 nosti
501 3023 637 3091 curiosus,
649 3025 678 3076 st
689 3023 754 3093 polo

287 3103 421 3173 Deripere
433 3103 529 3157 lunam
539 3103 655 3158 vocibus
667 3103 773 3174 possim
784 3103 864 3172 meis,

225 3199 228 3204 ⁴
287 3183 396 3237 Possim
407 3186 544 3238 crematos
555 3184 675 3239 excitare
686 3186 813 3247 mortuos

287 3262 470 3331 Desiderique
480 3266 635 3331 temperare
646 3264 755 3333 pocula,

219 3340 220 3343 ’
288 3339 395 3392 Plorem
407 3342 476 3395 sitis
487 3342 518 3395 in
528 3345 559 3394 te
570 3342 612 3395 nil
623 3343 732 3411 agentis
744 3342 855 3397 exitusl
