2342 3850
349 309 568 358 mmmm
583 309 603 359 1.
618 311 641 371 8,
655 313 677 360 9.
921 316 964 362 21⁵

60 436 89 489 Si
102 435 211 505 vellee,”
223 437 327 507 inquit,
340 439 358 469 “
366 455 465 493 verum
476 438 548 493 mihi
560 456 665 510 ponere
676 443 796 495 nomen!

60 517 143 583 Quod
153 519 184 571 te
196 535 248 588 per
258 517 380 572 Genium
391 518 572 590 dextramque
584 520 706 592 deosque
718 521 836 577 Penates

60 598 184 652 Obsecro
196 601 226 652 et
237 598 371 668 obtestor,
383 601 458 654 vitae
469 617 516 655 me
527 599 613 656 redde
625 602 726 673 priori'

61 678 115 746 Qui
127 679 216 733 semel
228 680 357 751 adaperit
369 685 507 750 quantum
518 681 635 737 dimisse
645 682 746 753 petitia

60 759 215 829 Praestent,
227 763 336 815 mature
346 761 442 816 redeat
453 765 621 832 repetatque
632 763 737 818 relicta.

60 840 156 896 Metiri
168 859 200 896 ee
212 858 351 913 quemque
363 860 415 898 auo
426 843 542 899 modulo
552 861 585 900 ao
597 845 669 916 pede
679 861 778 900 verum
790 848 841 900 eat

468 1177 552 1234 VIIL

62 1325 153 1380 (imao
163 1325 284 1395 gaudere
295 1328 325 1380 et
337 1325 408 1380 bene
419 1342 480 1380 rem
491 1342 585 1397 gerere
599 1325 776 1382 Albinovano

61 1406 144 1460 Musa
154 1409 249 1477 rogata
260 1406 340 1474 refer,
351 1406 448 1461 comiti
460 1407 621 1477 scribaeque
633 1407 762 1462 Neronis.

62 1486 91 1541 Si
102 1490 218 1557 quaeret
229 1487 299 1557 quid
310 1504 398 1556 egem,
410 1486 456 1541 die
466 1487 557 1542 multa
568 1491 599 1542 et
610 1487 726 1558 pulchre
737 1487 893 1542 minantem

62 1569 164 1625 Vivere
175 1587 228 1624 nec
239 1573 315 1624 recte
326 1587 379 1625 neo
389 1569 530 1639 suavitcr3
553 1571 630 1626 haud
642 1571 708 1641 quia
718 1569 823 1640 grando
873 1586 877 1625 ,¹

63 1650 231 1705 Contuderit
242 1651 315 1705 vitea
327 1651 471 1721 oleamque
482 1649 666 1706 momorderit
677 1654 781 1720 aestus,

63 1730 122 1786 Nec
134 1731 202 1803 quia
213 1731 373 1802 longinquis
385 1735 544 1802 armentum
555 1734 681 1804 aegrotet
692 1731 721 1785 in
734 1729 822 1801 agrie3

63 1811 116 1866 Sed
128 1811 196 1883 quia
206 1815 301 1867 mente
311 1813 407 1867 minue
417 1812 526 1868 validus
537 1830 623 1884 quam
635 1829 749 1883 corpore
760 1813 823 1865 toto

63 1892 111 1947 Nil
121 1892 220 1949 audire
232 1893 324 1963 velim,
336 1893 378 1947 nil
389 1892 504 1963 discere,
516 1892 592 1965 quod
603 1893 678 1950 levet
690 1909 804 1965 aegrum
816 1911 824 1957 ;

64 1974 141 2029 Fidis
153 1974 277 2029 offendar
287 1974 412 2041 medicis,
423 1975 526 2030 iream
537 1976 642 2044 amicis,

65 2056 715 2128 Ourmefrmeetoproperentaroerevcterno;
929 2059 963 2109 10

16 2129 17 2136 ἵ
64 2140 139 2206 Quae
150 2157 271 2195 nocuere
283 2157 389 2210 sequar,
401 2140 506 2211 fugiam
518 2156 588 2210 quae
600 2139 711 2210 profore
723 2138 833 2193 credam
845 2158 853 2205 ;

63 2221 167 2275 Romae
178 2220 267 2276 'libur
277 2239 369 2276 amem
380 2224 521 2289 ventosus,
532 2221 636 2275 'libure
648 2220 773 2275 Romam.

63 2302 130 2356 Poet
141 2301 210 2357 haec
220 2304 256 2355 ut
266 2302 365 2370 valeat,
381 2319 437 2373 quo
448 2304 531 2373 pacto
542 2319 603 2356 rem
615 2304 691 2372 gerat
703 2304 733 2355 et
744 2317 782 2369 ee,

63 2382 105 2436 Ut
116 2381 226 2454 placeat
233 2380 331 2452 juveni
343 2385 505 2452 percontare
517 2385 606 2451 utque
618 2381 735 2436 cohorti.

64 2462 93 2517 Si
104 2463 189 2531 dicet,
201 2462 295 2530 Recte,
307 2462 431 2532 primum
443 2461 569 2532 gaudere,
581 2461 701 2517 subinde

63 2544 248 2614 Praeceptum
260 2542 392 2597 auriculis
403 2542 457 2597 hoc
469 2542 606 2597 instillare
618 2544 760 2597 memento
772 2561 778 2597 ι

64 2626 106 2681 Ut
116 2629 153 2680 tu
164 2624 308 2679 fortunam
319 2623 361 2678 eic
372 2636 424 2678 noe
435 2626 474 2692 te,
487 2622 574 2691 (lelce,
585 2623 714 2679 feremur„

495 2944 545 3000 DL

64 3098 230 3164 Summus,
243 3093 348 3163 Claudi,
360 3092 494 3149 nimirum
505 3090 639 3162 intelligit
650 3106 724 3145 unus

64 3177 172 3246 Quanti
183 3193 231 3231 me
241 3175 347 3242 iaciae3
368 3192 435 3229 nam
446 3190 511 3228 cum
522 3176 603 3243 rogat
615 3175 644 3225 et
655 3186 737 3241 prece
750 3168 825 3239 cogit

64 3259 179 3315 Scilicet
190 3260 226 3312 ut
237 3256 292 3311 tibi
304 3272 334 3311 ee
345 3254 458 3311 laudare
470 3257 499 3309 et
510 3253 622 3309 tradere
636 3268 725 3317 coner,

63 3340 192 3412 Dignum
202 3338 299 3395 mente
309 3336 449 3408 domoque
459 3332 577 3434 legentis
589 3332 707 3387 honesta
717 3328 845 3398 Neronis,

721 3578 728 3615 l
