2342 3850
243 309 287 361 178
566 299 704 351 nomm
716 299 830 350 1³deOE

242 433 374 506 Sperarit
384 445 501 502 magnae
513 428 590 484 laudi
602 429 671 486 fore.
708 427 799 496 ‘Quid
812 427 905 482 simile
917 428 968 482 isti

242 517 364 570 Graecus
376 509 556 580 Aristippusl
574 510 624 580 qui
636 525 733 564 servos
744 508 880 580 projicere
892 525 993 563 surum
1093 509 1140 560 100

243 597 279 651 In
290 594 383 650 media
390 591 479 662 jussit
490 589 585 660 Libya,
597 589 665 660 quia
676 590 786 644 tardius
797 590 872 643 irent

242 677 360 746 Propter
371 689 442 726 onus
453 687 558 741 segnes
594 669 668 725 Uter
679 673 724 724 est
736 669 860 724 insanior
870 669 973 724 horum
981 669 1004 723 ‘l’

242 757 292 812 Nil
303 756 362 826 agit
373 753 537 823 exemplum,
549 752 630 806 Item
642 751 718 823 quod
729 752 781 806 lite
792 750 915 806 resolvit

243 839 274 893 si
285 837 349 908 quis
361 838 438 890 emat
448 835 579 903 citharas,
592 837 703 904 emptas
716 836 875 903 comportet
887 833 918 887 in
929 849 1027 899 unum,

242 918 271 972 N
271 935 303 972 ec
314 915 408 970 studio
421 915 544 970 citharae
555 931 608 968 nec
620 913 717 968 Musae
730 913 844 968 deditus
855 913 922 978 ulli;

244 999 275 1053 si
286 998 394 1067 scalpra
405 998 434 1050 et
446 996 550 1050 formas
561 1011 619 1049 non
631 997 719 1062 sutor,
731 995 845 1048 nautico
856 993 917 1048 vela

244 1079 369 1133 Aversus
381 1076 560 1130 mercaturis:
579 1074 685 1130 delirus
698 1079 727 1129 et
740 1091 837 1129 amens

245 1159 379 1229 Undique
390 1158 501 1212 dicatur
512 1157 621 1211 merito.
653 1155 713 1223 'Qui
726 1156 867 1227 discrepat
877 1155 942 1210 istis

245 1239 301 1306 Qui
312 1255 443 1292 nummos
455 1253 610 1307 aurumque
621 1235 756 1303 recondit,
768 1237 880 1291 nescius
891 1237 936 1290 uti

246 1320 425 1391 Compositis,
437 1321 621 1387 metuensque
633 1317 711 1372 velut
723 1319 883 1388 contingere
895 1317 1025 1371 sacrum?
1097 1317 1138 1368 110

245 1402 275 1456 Si
287 1401 351 1471 quis
362 1400 398 1454 ed
409 1399 552 1468 ingentem
563 1398 700 1452 frumenti
712 1413 822 1468 semper
834 1413 965 1452 acervum

244 1481 392 1536 Porrectus
402 1480 500 1550 vigilet
511 1497 576 1534 cum
587 1479 670 1549 longo
681 1479 764 1546 fuste,
776 1496 867 1548 neque
878 1479 955 1532 illiue

245 1562 357 1617 Audeat
368 1561 492 1615 esuriens
504 1560 634 1614 dominus
646 1560 804 1629 contingere
816 1575 940 1629 granum

207 1688 210 1701 .
246 1643 288 1696 Ac
299 1643 396 1712 potius
408 1639 482 1695 foliis
494 1656 595 1709 parcus
607 1642 736 1694 vescatur
748 1640 864 1707 amaris;

246 1722 276 1776 Si
289 1720 390 1791 positis
402 1720 481 1773 intus
493 1719 558 1774 Chii
568 1719 730 1790 veterisque
741 1719 853 1774 Falerni

243 1801 319 1856 Mille
332 1799 577 1867 cudis-nihilest,
590 1803 751 1854 tercentum
763 1799 989 1855 millibus—acre

134 1933 138 1942 .
244 1883 328 1938 Petet
339 1884 466 1946 acetum3
483 1896 541 1949 age,
553 1881 578 1935 si
591 1884 621 1936 et
633 1882 795 1936 stramentis
807 1881 932 1950 incubet,
944 1881 1033 1937 unde

245 1963 395 2033 Octoginta
406 1978 493 2015 annos
504 1966 603 2031 natus,
610 1962 655 2017 cui
668 1962 790 2033 stragula
802 1964 900 2032 vestis,

245 2043 402 2098 Blattamm
414 2060 447 2097 ae
457 2043 717 2114 tinearumepulae,
730 2048 875 2114 putrescat
888 2045 920 2099 in
931 2061 1008 2099 arca:

245 2123 389 2177 Nimirum
399 2123 516 2177 Insanus
528 2124 626 2194 paucis
638 2122 775 2191 videatur,
788 2140 822 2179 eo
833 2125 910 2196 quod

245 2203 368 2258 Maxima
379 2220 445 2274 pars
456 2203 606 2257 hominum
618 2204 717 2258 morbo
726 2204 852 2274 jactatur
863 2206 969 2261 ecdem.

245 2284 333 2337 Filius
345 2288 395 2337 aut
408 2286 494 2339 etiam
505 2284 574 2339 haec
585 2284 705 2339 libertus
716 2289 751 2338 ut
763 2285 860 2341 ebibat
871 2286 961 2356 heres,

245 2364 297 2417 Dis
309 2364 422 2418 inimice
434 2382 525 2432 senex,
538 2364 682 2420 custodis?
718 2365 762 2420 Ne
774 2367 829 2421 tibi
842 2368 935 2423 desit?

246 2444 419 2511 Quantulum
431 2446 507 2499 enim
519 2462 645 2499 summae
658 2446 781 2500 curtabit
793 2448 912 2518 quisque
925 2448 1045 2519 dierum,

246 2524 357 2595 Ungere
369 2526 394 2578 si
406 2526 498 2580 caules
510 2526 572 2580 oleo
584 2526 699 2579 meliore
711 2530 854 2598 caputque
1146 2518 1147 2606 l

247 2604 379 2675 Coeperis
390 2605 505 2675 impexa
516 2606 631 2660 foedum
644 2606 803 2677 porrigine?
840 2609 940 2678 Quare,

246 2686 277 2740 si
290 2686 403 2756 quidvis
414 2687 484 2740 satis
495 2688 548 2755 est,
561 2686 696 2757 perjuras,
708 2688 836 2759 surripis,
849 2689 941 2743 aufers
1145 2754 1146 2759 ἵ

248 2767 381 2837 Undique
392 2767 402 2821 l
438 2767 501 2821 Tun
513 2768 620 2823 sanuel
656 2768 795 2840 Populum
807 2771 832 2825 si
845 2769 958 2826 caedere
970 2774 1049 2828 saxis
1145 2766 1146 2842 l

248 2848 371 2919 Incipias
384 2864 535 2917 servosque
546 2852 613 2903 tuos
625 2866 697 2919 quos
709 2867 772 2905 aere
782 2852 898 2922 pararis,
1001 2856 1006 2865 '

248 2928 383 2983 Insanum
394 2930 424 2980 te
436 2944 532 2983 omnes
544 2930 625 2999 pueri
637 2930 814 3002 clamentque
826 2932 950 3002 puellae:

249 3008 321 3063 Oum
332 3008 430 3078 laqueo
442 3025 558 3063 uxorem
569 3010 710 3065 interimis
722 3015 897 3083 matremque
908 3030 1017 3067 veneno

249 3088 388 3143 Incolumi
399 3088 491 3158 capite
502 3090 550 3144 esi
585 3090 660 3157 Quid
672 3092 756 3160 enim,
765 3109 857 3162 neque
869 3095 902 3147 tu
914 3092 967 3147 hoc
978 3093 1050 3150 facis
1061 3090 1136 3160 ΑΨ,

248 3167 277 3221 N
278 3186 309 3221 ec
321 3170 393 3222 ferro
404 3172 438 3222 ut
450 3168 565 3223 demens
575 3171 743 3239 genitricem
755 3173 858 3227 occidis
871 3173 994 3229 Orestes

248 3246 295 3299 An
307 3250 341 3300 tu
353 3248 422 3301 reris
433 3265 499 3301 eum
512 3249 604 3303 occisa
615 3250 752 3306 insanisse
764 3256 888 3323 parente,

250 3325 292 3378 Ac
303 3342 360 3379 non
371 3329 437 3380 ante
448 3328 529 3382 mulia
540 3327 701 3385 dementem
713 3336 808 3388 actum
820 3333 915 3389 Furiis
927 3350 1012 3405 quam
