2342 3850
360 315 537 366 cauumuu
551 317 593 366 IV.
609 321 633 368 9.

185 443 335 497 Primusve
347 442 454 498 Teueer
464 443 522 497 tela
533 443 659 514 Cydonio

191 523 307 577 Direxit
318 541 401 589 arou3
418 541 475 577 non
485 524 572 578 semel
583 523 653 579 Ilios

230 605 341 659 Vexata
347 625 355 670 ;
372 621 430 659 non
441 605 578 675 pugnavit
589 605 688 674 ingens

264 682 433 738 Idomeneus
445 684 628 738 Sthenelusve
641 683 718 737 solus

193 762 321 818 Dioenda
331 764 422 818 Musis
434 765 552 836 proelia3
571 781 630 820 non
642 765 721 818 ferox

192 845 302 899 Hector
312 846 359 899 vel
370 863 434 900 aoer
444 845 611 916 Deiphobus
622 861 720 916 graves

227 925 347 996 leoepit
357 926 434 980 iotus
444 944 496 998 pro
508 926 619 997 pudicis

263 1006 437 1077 Oonjugibus
448 1008 598 1078 puerisque
610 1006 727 1077 primus.

192 1087 297 1141 Vixere
307 1087 397 1142 fortes
407 1091 475 1142 ante
486 1088 697 1158 Agamemnona

191 1168 278 1221 Multi
286 1187 294 1233 3
310 1168 361 1222 sed
373 1185 471 1222 omues
481 1167 687 1222 illacrimebiles

227 1250 375 1319 Urgentur
384 1249 529 1320 ignotique
541 1249 624 1320 longa

262 1329 363 1398 Nocte,
374 1333 470 1384 earent
482 1330 548 1400 quia
559 1333 625 1385 vate
637 1345 722 1384 sauro.

190 1409 321 1464 Paullum
332 1410 459 1481 sepultae
471 1411 560 1465 distet
571 1410 690 1464 inertiae

190 1491 288 1545 Celata
298 1491 400 1544 virtus.
433 1490 500 1545 Non
511 1508 562 1561 ego
574 1495 605 1544 te
616 1490 688 1544 meis

227 1571 344 1626 chartis
354 1571 519 1626 inornatum
531 1571 628 1639 silebo,

262 1652 354 1706 Totve
364 1655 433 1706 tuos
443 1653 536 1724 potiar
546 1653 657 1708 labores

191 1733 321 1804 Impune,
332 1733 412 1799 Lolli,
424 1750 537 1802 sarpere
549 1731 650 1786 lividas

189 1814 360 1870 Obliviones
395 1814 447 1868 Est
459 1814 570 1868 animus
580 1813 637 1868 tibi

228 1894 390 1966 Rerumque
400 1894 524 1966 prudens
537 1898 568 1950 et
578 1891 709 1949 secundis

263 1974 451 2048 Temporibus
461 1976 612 2045 dubiisque
624 1978 726 2041 reotus,

190 2056 304 2111 Vindex
315 2074 415 2112 averse
426 2057 541 2126 bandis,
552 2060 583 2111 et
594 2056 739 2111 abstinens

191 2136 333 2192 Dueentis
343 2138 380 2192 ad
391 2154 421 2192 se
433 2141 536 2193 etinota
547 2136 689 2209 pecuniae,

228 2218 389 2289 Consulque
400 2236 458 2274 non
469 2220 555 2275 unius
565 2217 632 2273 anni

262 2299 318 2354 Sed
330 2299 442 2369 quoties
453 2300 545 2355 bonus
555 2302 642 2369 etque
653 2298 727 2352 fidus

190 2380 210 2433 J
210 2379 286 2434 udex
296 2380 450 2435 honestum
461 2380 599 2452 praetulit
611 2378 685 2446 utili,

190 2459 300 2529 Rejeoit
312 2460 369 2516 alto
380 2462 455 2515 dona
465 2460 629 2515 noeentium

227 2540 328 2608 Vultu,
339 2558 391 2612 per
402 2542 549 2597 obstantes
561 2545 686 2596 catervas

261 2620 405 2693 Explicuit
415 2639 467 2677 sua
477 2624 570 2678 vietor
581 2638 665 2677 arma

189 2700 259 2755 Non
270 2701 465 2772 possidentem
476 2704 568 2757 multa
577 2701 721 2757 vocaveris

189 2782 279 2837 Recte
291 2784 418 2839 beatunn
436 2786 542 2840 reotius
553 2788 673 2855 oooupat

226 2862 339 2918 Nomen
350 2864 428 2919 besti
440 2866 490 2936 qui
501 2865 617 2921 deomm

261 2944 428 3001 Muneribus
438 2947 581 3017 sapienter
591 2944 636 2999 uti

188 3024 353 3095 Duramque
365 3026 449 3080 esliet
460 3026 623 3098 pauperiem
635 3025 705 3097 peti,

189 3104 329 3174 Pejusque
340 3106 398 3161 leto
409 3107 547 3177 flagitium
558 3108 650 3174 timet,

226 3184 293 3238 Non
304 3185 351 3241 ille
362 3205 415 3258 pro
427 3188 499 3241 caris
510 3188 608 3241 amieis

262 3267 323 3321 Aut
334 3269 427 3339 patria
437 3268 555 3325 timidus
567 3269 667 3340 perire.
