2342 3850
362 336 537 388 OABMINUM
553 341 638 392 11.1e.

202 467 341 523 Absumet
352 468 433 524 heres
446 468 572 525 Caecuba
585 471 695 542 dignior

199 548 315 603 Servata
326 552 442 604 centum
453 550 584 619 clavibus,
598 556 628 606 et
639 570 718 608 mero

235 629 336 699 Tinget
348 631 543 700 pavimentum
555 633 678 703 superbo

269 709 437 767 Pontificum
449 712 557 782 potiore
570 714 673 770 coenis

459 1071 522 1131 XV.

196 1223 217 1278 J
217 1239 259 1278 au
271 1241 359 1295 pauca
370 1228 462 1280 aratro
471 1225 569 1298 jugera
580 1227 671 1298 regiae

90 1307 95 1316 '
198 1305 286 1359 Moles
298 1305 471 1375 relinquent;
489 1306 614 1378 undique
626 1307 711 1363 latius

234 1385 358 1440 Extenta
370 1386 497 1441 visentur
508 1387 629 1443 Lucrino

269 1466 373 1538 Stagna
383 1467 451 1536 lacu,
463 1467 648 1539 platanusque
660 1468 766 1524 caelebs

198 1546 317 1601 Evincet
328 1547 421 1602 ulmos
427 1566 435 1614 ;
452 1550 517 1606 tum
528 1547 643 1602 violan'a
655 1552 685 1602 et

198 1628 309 1698 Myrtus
322 1630 351 1682 et
363 1628 454 1682 omnis
466 1627 545 1701 copie
557 1628 667 1682 narium

237 1708 377 1779 Spargent
389 1708 500 1763 olivetis
513 1707 627 1763 oderem

271 1788 423 1843 Feitilibus
435 1788 548 1843 domino
560 1788 656 1859 priori,

198 1870 272 1923 Tum
284 1867 375 1941 spissa
386 1870 471 1925 ramis
482 1869 576 1923 laurea
589 1867 711 1923 fervidos

198 1950 335 2006 Excludet
347 1951 429 2007 ictus.
466 1950 533 2005 Non
545 1950 585 2005 ita
598 1950 711 2004 Romuli

234 2032 440 2102 Piaescriptum
452 2034 481 2085 et
493 2031 599 2085 intonsi
612 2030 728 2085 Catonis

259 2112 412 2183 Auspiciis
423 2114 605 2181 veterumque
618 2128 723 2165 norma

199 2192 327 2247 Privatus
339 2192 394 2247 illis
407 2209 506 2247 census
518 2196 578 2245 erat
590 2192 691 2258 brevis,

199 2272 354 2328 Commune
366 2290 514 2343 magnum:
532 2271 611 2326 nulla
622 2271 798 2343 decempedis

233 2354 340 2409 Metate
351 2354 470 2424 privatis
482 2368 596 2423 opacam

268 2434 395 2489 Porticus
407 2433 563 2504 excipiebat
576 2436 690 2498 Arcton,

197 2514 258 2571 Nec
269 2514 419 2569 fcituitum
431 2530 561 2584 spernere
574 2512 726 2582 caespitem

198 2596 284 2668 Leges
296 2596 434 2665 sinebant,
446 2594 549 2666 oppida
560 2593 673 2665 publico

233 2679 355 2748 Sumptu
364 2676 497 2748 jubentes
509 2680 538 2731 et
550 2674 667 2729 deorum
766 2722 769 2726 ,

269 2759 385 2833 Templa
396 2776 469 2815 novo
481 2757 610 2813 decorare
622 2773 695 2811 saxo.
