<?xml version="1.0" encoding="UTF-8"?>
<!DOCTYPE html PUBLIC "-//W3C//DTD XHTML 1.0 Transitional//EN"
    "http://www.w3.org/TR/xhtml1/DTD/xhtml1-transitional.dtd">
<html xmlns="http://www.w3.org/1999/xhtml" xml:lang="en" lang="en">
 <head>
  <title>
</title>
<meta http-equiv="Content-Type" content="text/html;charset=utf-8" />
  <meta name='ocr-system' content='tesseract 3.04.00' />
  <meta name='ocr-capabilities' content='ocr_page ocr_carea ocr_par ocr_line ocrx_word'/>
</head>
<body>
  <div class='ocr_page' id='page_1' title='image "./quintushoratius00scotgoog_0261.png"; bbox 0 0 2342 3850; ppageno 0'>
   <div class='ocr_carea' id='block_1_1' title="bbox 348 313 664 366">
    <p class='ocr_par' dir='ltr' id='par_1_1' title="bbox 348 313 664 366">
     <span class='ocr_line' id='line_1_1' title="bbox 348 313 664 366; baseline 0 0"><span class='ocrx_word' id='word_1_1' title='bbox 348 313 573 366; x_wconf 75' lang='lat' dir='ltr'><strong>EPISTOLARUM</strong></span> <span class='ocrx_word' id='word_1_2' title='bbox 590 317 624 366; x_wconf 90' lang='lat'><strong>11.</strong></span> <span class='ocrx_word' id='word_1_3' title='bbox 641 320 664 366; x_wconf 77' lang='lat'><strong>2.</strong></span> 
     </span>
    </p>
   </div>
   <div class='ocr_carea' id='block_1_2' title="bbox 52 438 962 3434">
    <p class='ocr_par' dir='ltr' id='par_1_2' title="bbox 52 438 962 3434">
     <span class='ocr_line' id='line_1_2' title="bbox 54 438 959 514; baseline 0 -16"><span class='ocrx_word' id='word_1_4' title='bbox 54 438 109 498; x_wconf 81' lang='lat' dir='ltr'><strong>lile</strong></span> <span class='ocrx_word' id='word_1_5' title='bbox 121 440 236 497; x_wconf 79' lang='lat' dir='ltr'>Bioneis</span> <span class='ocrx_word' id='word_1_6' title='bbox 248 442 426 497; x_wconf 80' lang='lat' dir='ltr'>sermonibus</span> <span class='ocrx_word' id='word_1_7' title='bbox 438 446 467 496; x_wconf 89' lang='lat' dir='ltr'><strong>et</strong></span> <span class='ocrx_word' id='word_1_8' title='bbox 479 443 535 497; x_wconf 83' lang='lat' dir='ltr'><strong>sele</strong></span> <span class='ocrx_word' id='word_1_9' title='bbox 546 443 633 514; x_wconf 80' lang='lat' dir='ltr'><strong>nigro.</strong></span> <span class='ocrx_word' id='word_1_10' title='bbox 925 448 959 498; x_wconf 79' lang='lat'><strong>60</strong></span> 
     </span>
     <span class='ocr_line' id='line_1_3' title="bbox 52 523 765 594; baseline 0.001 -16"><span class='ocrx_word' id='word_1_11' title='bbox 52 524 124 578; x_wconf 68' lang='lat' dir='ltr'><strong>&#39;ibes</strong></span> <span class='ocrx_word' id='word_1_12' title='bbox 136 523 207 577; x_wconf 89' lang='lat' dir='ltr'><strong>mihi</strong></span> <span class='ocrx_word' id='word_1_13' title='bbox 220 524 352 578; x_wconf 76' lang='lat' dir='ltr'><strong>convivae</strong></span> <span class='ocrx_word' id='word_1_14' title='bbox 364 539 451 593; x_wconf 86' lang='lat' dir='ltr'><strong>prope</strong></span> <span class='ocrx_word' id='word_1_15' title='bbox 464 523 613 578; x_wconf 85' lang='lat' dir='ltr'><strong>dissentire</strong></span> <span class='ocrx_word' id='word_1_16' title='bbox 625 525 765 594; x_wconf 82' lang='lat' dir='ltr'><strong>videntur,</strong></span> 
     </span>
     <span class='ocr_line' id='line_1_4' title="bbox 52 605 665 678; baseline 0.003 -18"><span class='ocrx_word' id='word_1_17' title='bbox 52 606 207 660; x_wconf 86' lang='lat' dir='ltr'><strong>Poscentes</strong></span> <span class='ocrx_word' id='word_1_18' title='bbox 218 605 295 661; x_wconf 77' lang='lat' dir='ltr'><strong>vario</strong></span> <span class='ocrx_word' id='word_1_19' title='bbox 306 605 429 659; x_wconf 87' lang='lat' dir='ltr'><strong>multum</strong></span> <span class='ocrx_word' id='word_1_20' title='bbox 442 605 551 660; x_wconf 80' lang='lat' dir='ltr'><strong>diverse</strong></span> <span class='ocrx_word' id='word_1_21' title='bbox 563 607 665 678; x_wconf 78' lang='lat' dir='ltr'><strong>peleto.</strong></span> 
     </span>
     <span class='ocr_line' id='line_1_5' title="bbox 52 687 922 761; baseline 0.002 -19"><span class='ocrx_word' id='word_1_22' title='bbox 52 687 132 756; x_wconf 81' lang='lat' dir='ltr'><strong>Quid</strong></span> <span class='ocrx_word' id='word_1_23' title='bbox 144 687 229 743; x_wconf 81' lang='lat' dir='ltr'><strong>deml</strong></span> <span class='ocrx_word' id='word_1_24' title='bbox 247 688 315 758; x_wconf 90' lang='lat' dir='ltr'><strong>quid</strong></span> <span class='ocrx_word' id='word_1_25' title='bbox 327 706 384 742; x_wconf 91' lang='lat' dir='ltr'><strong>non</strong></span> <span class='ocrx_word' id='word_1_26' title='bbox 397 688 482 743; x_wconf 76' lang='lat' dir='ltr'><strong>demi</strong></span> <span class='ocrx_word' id='word_1_27' title='bbox 500 691 597 744; x_wconf 85' lang='lat' dir='ltr'><strong>renuis</strong></span> <span class='ocrx_word' id='word_1_28' title='bbox 608 694 642 745; x_wconf 92' lang='lat' dir='ltr'><strong>tu</strong></span> <span class='ocrx_word' id='word_1_29' title='bbox 655 691 730 761; x_wconf 92' lang='lat' dir='ltr'><strong>quod</strong></span> <span class='ocrx_word' id='word_1_30' title='bbox 739 691 822 761; x_wconf 83' lang='lat' dir='ltr'><strong>jubet</strong></span> <span class='ocrx_word' id='word_1_31' title='bbox 834 691 905 746; x_wconf 74' lang='lat' dir='ltr'><strong>alter</strong></span> <span class='ocrx_word' id='word_1_32' title='bbox 917 713 922 756; x_wconf 93' lang='lat'>;</span> 
     </span>
     <span class='ocr_line' id='line_1_6' title="bbox 53 768 847 840; baseline 0.005 -18"><span class='ocrx_word' id='word_1_33' title='bbox 53 769 140 836; x_wconf 84' lang='lat' dir='ltr'><strong>Quod</strong></span> <span class='ocrx_word' id='word_1_34' title='bbox 151 769 227 839; x_wconf 86' lang='lat' dir='ltr'><strong>petis</strong></span> <span class='ocrx_word' id='word_1_35' title='bbox 238 768 269 821; x_wconf 93' lang='lat' dir='ltr'><strong>id</strong></span> <span class='ocrx_word' id='word_1_36' title='bbox 281 783 347 822; x_wconf 86' lang='lat' dir='ltr'><strong>ssne</strong></span> <span class='ocrx_word' id='word_1_37' title='bbox 359 771 404 822; x_wconf 88' lang='lat' dir='ltr'><strong>est</strong></span> <span class='ocrx_word' id='word_1_38' title='bbox 415 769 539 822; x_wconf 88' lang='lat' dir='ltr'><strong>invisum</strong></span> <span class='ocrx_word' id='word_1_39' title='bbox 551 769 717 840; x_wconf 83' lang='lat' dir='ltr'><strong>acidumque</strong></span> <span class='ocrx_word' id='word_1_40' title='bbox 730 771 847 827; x_wconf 84' lang='lat' dir='ltr'><strong>duobus.</strong></span> 
     </span>
     <span class='ocr_line' id='line_1_7' title="bbox 52 847 749 920; baseline 0.003 -16"><span class='ocrx_word' id='word_1_41' title='bbox 52 850 171 904; x_wconf 65' lang='lat' dir='ltr'><strong>Praeter</strong></span> <span class='ocrx_word' id='word_1_42' title='bbox 182 851 290 902; x_wconf 79' lang='lat' dir='ltr'><strong>coetera</strong></span> <span class='ocrx_word' id='word_1_43' title='bbox 301 865 347 902; x_wconf 89' lang='lat' dir='ltr'><strong>me</strong></span> <span class='ocrx_word' id='word_1_44' title='bbox 359 847 499 903; x_wconf 80' lang='lat' dir='ltr'><strong>Romaene</strong></span> <span class='ocrx_word' id='word_1_45' title='bbox 511 854 641 920; x_wconf 75' lang='lat' dir='ltr'><strong>poimeta</strong></span> <span class='ocrx_word' id='word_1_46' title='bbox 652 868 749 906; x_wconf 79' lang='lat' dir='ltr'><strong>censes</strong></span> 
     </span>
     <span class='ocr_line' id='line_1_8' title="bbox 53 932 852 1002; baseline -0.004 -16"><span class='ocrx_word' id='word_1_47' title='bbox 53 932 183 986; x_wconf 82' lang='lat' dir='ltr'><strong>Scribere</strong></span> <span class='ocrx_word' id='word_1_48' title='bbox 195 948 277 1001; x_wconf 86' lang='lat' dir='ltr'><strong>posse</strong></span> <span class='ocrx_word' id='word_1_49' title='bbox 289 932 364 985; x_wconf 89' lang='lat' dir='ltr'><strong>inter</strong></span> <span class='ocrx_word' id='word_1_50' title='bbox 375 933 421 985; x_wconf 85' lang='lat' dir='ltr'><strong>tot</strong></span> <span class='ocrx_word' id='word_1_51' title='bbox 433 949 513 986; x_wconf 82' lang='lat' dir='ltr'><strong>curus</strong></span> <span class='ocrx_word' id='word_1_52' title='bbox 525 935 626 1002; x_wconf 86' lang='lat' dir='ltr'><strong>totque</strong></span> <span class='ocrx_word' id='word_1_53' title='bbox 637 933 745 987; x_wconf 79' lang='lat' dir='ltr'><strong>labores</strong></span> <span class='ocrx_word' id='word_1_54' title='bbox 756 933 767 986; x_wconf 80' lang='lat' dir='ltr'><strong>l</strong></span> <span class='ocrx_word' id='word_1_55' title='bbox 850 978 852 983; x_wconf 93' lang='lat'><em>.</em></span> 
     </span>
     <span class='ocr_line' id='line_1_9' title="bbox 54 1012 800 1085; baseline 0.003 -17"><span class='ocrx_word' id='word_1_56' title='bbox 54 1014 113 1068; x_wconf 84' lang='lat' dir='ltr'><strong>Hic</strong></span> <span class='ocrx_word' id='word_1_57' title='bbox 125 1029 262 1083; x_wconf 85' lang='lat' dir='ltr'><strong>sponsum</strong></span> <span class='ocrx_word' id='word_1_58' title='bbox 274 1015 364 1081; x_wconf 81' lang='lat' dir='ltr'><strong>vocet,</strong></span> <span class='ocrx_word' id='word_1_59' title='bbox 376 1013 423 1067; x_wconf 92' lang='lat' dir='ltr'><strong>hic</strong></span> <span class='ocrx_word' id='word_1_60' title='bbox 434 1012 563 1067; x_wconf 78' lang='lat' dir='ltr'><strong>auditum</strong></span> <span class='ocrx_word' id='word_1_61' title='bbox 576 1014 682 1085; x_wconf 84' lang='lat' dir='ltr'><strong>scripte</strong></span> <span class='ocrx_word' id='word_1_62' title='bbox 693 1015 800 1070; x_wconf 88' lang='lat' dir='ltr'><strong>relictis</strong></span> 
     </span>
     <span class='ocr_line' id='line_1_10' title="bbox 54 1093 745 1163; baseline -0.001 -14"><span class='ocrx_word' id='word_1_63' title='bbox 54 1093 197 1149; x_wconf 84' lang='lat' dir='ltr'>Omnibus</span> <span class='ocrx_word' id='word_1_64' title='bbox 210 1093 306 1148; x_wconf 88' lang='lat' dir='ltr'><strong>officiis</strong></span> <span class='ocrx_word' id='word_1_65' title='bbox 318 1110 326 1158; x_wconf 90' lang='lat'>;</span> <span class='ocrx_word' id='word_1_66' title='bbox 344 1093 428 1147; x_wconf 81' lang='lat' dir='ltr'><strong>cubet</strong></span> <span class='ocrx_word' id='word_1_67' title='bbox 439 1093 486 1148; x_wconf 87' lang='lat' dir='ltr'><strong>hio</strong></span> <span class='ocrx_word' id='word_1_68' title='bbox 498 1095 529 1148; x_wconf 91' lang='lat' dir='ltr'><strong>in</strong></span> <span class='ocrx_word' id='word_1_69' title='bbox 541 1094 611 1148; x_wconf 86' lang='lat' dir='ltr'><strong>colle</strong></span> <span class='ocrx_word' id='word_1_70' title='bbox 624 1094 745 1163; x_wconf 79' lang='lat' dir='ltr'>Quirini,</span> 
     </span>
     <span class='ocr_line' id='line_1_11' title="bbox 54 1175 756 1246; baseline 0 -16"><span class='ocrx_word' id='word_1_71' title='bbox 54 1177 114 1230; x_wconf 89' lang='lat' dir='ltr'><strong>Hic</strong></span> <span class='ocrx_word' id='word_1_72' title='bbox 124 1178 251 1229; x_wconf 86' lang='lat' dir='ltr'><strong>extremo</strong></span> <span class='ocrx_word' id='word_1_73' title='bbox 264 1175 294 1228; x_wconf 88' lang='lat' dir='ltr'><strong>in</strong></span> <span class='ocrx_word' id='word_1_74' title='bbox 306 1175 458 1244; x_wconf 85' lang='lat' dir='ltr'><strong>Aventino,</strong></span> <span class='ocrx_word' id='word_1_75' title='bbox 470 1175 605 1229; x_wconf 88' lang='lat' dir='ltr'><strong>visendus</strong></span> <span class='ocrx_word' id='word_1_76' title='bbox 616 1187 736 1246; x_wconf 83' lang='lat' dir='ltr'><strong>uterque</strong></span> <span class='ocrx_word' id='word_1_77' title='bbox 748 1195 756 1241; x_wconf 89' lang='lat'>;</span> 
     </span>
     <span class='ocr_line' id='line_1_12' title="bbox 55 1255 961 1310; baseline 0 0"><span class='ocrx_word' id='word_1_78' title='bbox 55 1255 209 1310; x_wconf 78' lang='lat' dir='ltr'><strong>Intervallo</strong></span> <span class='ocrx_word' id='word_1_79' title='bbox 220 1255 298 1310; x_wconf 85' lang='lat' dir='ltr'><strong>vides</strong></span> <span class='ocrx_word' id='word_1_80' title='bbox 311 1257 431 1308; x_wconf 79' lang='lat' dir='ltr'><strong>humane</strong></span> <span class='ocrx_word' id='word_1_81' title='bbox 444 1255 596 1309; x_wconf 68' lang='lat' dir='ltr'><strong>commode„</strong></span> <span class='ocrx_word' id='word_1_82' title='bbox 631 1256 738 1310; x_wconf 87' lang='lat' dir='ltr'><strong>Verum</strong></span> <span class='ocrx_word' id='word_1_83' title='bbox 926 1259 961 1310; x_wconf 82' lang='lat'><strong>70</strong></span> 
     </span>
     <span class='ocr_line' id='line_1_13' title="bbox 54 1338 809 1409; baseline -0.004 -15"><span class='ocrx_word' id='word_1_84' title='bbox 54 1340 145 1394; x_wconf 79' lang='lat' dir='ltr'><strong>Purse</strong></span> <span class='ocrx_word' id='word_1_85' title='bbox 158 1341 226 1392; x_wconf 89' lang='lat' dir='ltr'><strong>sunt</strong></span> <span class='ocrx_word' id='word_1_86' title='bbox 237 1338 352 1409; x_wconf 69' lang='lat' dir='ltr'><strong>plateae,</strong></span> <span class='ocrx_word' id='word_1_87' title='bbox 363 1338 435 1392; x_wconf 87' lang='lat' dir='ltr'>nihil</span> <span class='ocrx_word' id='word_1_88' title='bbox 446 1341 480 1393; x_wconf 90' lang='lat' dir='ltr'><strong>ut</strong></span> <span class='ocrx_word' id='word_1_89' title='bbox 492 1338 696 1394; x_wconf 71' lang='lat' dir='ltr'><strong>meditantibus</strong></span> <span class='ocrx_word' id='word_1_90' title='bbox 707 1340 809 1394; x_wconf 86' lang='lat' dir='ltr'><strong>obstet.</strong></span> 
     </span>
     <span class='ocr_line' id='line_1_14' title="bbox 54 1419 750 1490; baseline 0.001 -17"><span class='ocrx_word' id='word_1_91' title='bbox 54 1420 187 1474; x_wconf 80' lang='lat' dir='ltr'><strong>Festinat</strong></span> <span class='ocrx_word' id='word_1_92' title='bbox 199 1419 304 1472; x_wconf 76' lang='lat' dir='ltr'><strong>calidus</strong></span> <span class='ocrx_word' id='word_1_93' title='bbox 316 1419 401 1472; x_wconf 88' lang='lat' dir='ltr'><strong>mulis</strong></span> <span class='ocrx_word' id='word_1_94' title='bbox 412 1419 570 1490; x_wconf 80' lang='lat' dir='ltr'><strong>gerulisque</strong></span> <span class='ocrx_word' id='word_1_95' title='bbox 582 1421 750 1490; x_wconf 80' lang='lat' dir='ltr'><strong>redemptor,</strong></span> 
     </span>
     <span class='ocr_line' id='line_1_15' title="bbox 54 1499 880 1574; baseline -0.001 -17"><span class='ocrx_word' id='word_1_96' title='bbox 54 1499 183 1572; x_wconf 82' lang='lat' dir='ltr'><strong>Torquet</strong></span> <span class='ocrx_word' id='word_1_97' title='bbox 194 1519 268 1555; x_wconf 89' lang='lat' dir='ltr'><strong>nuno</strong></span> <span class='ocrx_word' id='word_1_98' title='bbox 280 1501 411 1573; x_wconf 76' lang='lat' dir='ltr'><strong>lapidem,</strong></span> <span class='ocrx_word' id='word_1_99' title='bbox 423 1519 498 1556; x_wconf 90' lang='lat' dir='ltr'><strong>nunc</strong></span> <span class='ocrx_word' id='word_1_100' title='bbox 511 1503 609 1574; x_wconf 88' lang='lat' dir='ltr'><strong>ingens</strong></span> <span class='ocrx_word' id='word_1_101' title='bbox 621 1503 751 1558; x_wconf 82' lang='lat' dir='ltr'><strong>machina</strong></span> <span class='ocrx_word' id='word_1_102' title='bbox 761 1504 880 1573; x_wconf 88' lang='lat' dir='ltr'><strong>tignum,</strong></span> 
     </span>
     <span class='ocr_line' id='line_1_16' title="bbox 54 1582 720 1654; baseline 0 -17"><span class='ocrx_word' id='word_1_103' title='bbox 54 1583 163 1637; x_wconf 78' lang='lat' dir='ltr'><strong>Tristia</strong></span> <span class='ocrx_word' id='word_1_104' title='bbox 173 1582 298 1636; x_wconf 86' lang='lat' dir='ltr'><strong>robustis</strong></span> <span class='ocrx_word' id='word_1_105' title='bbox 310 1583 456 1636; x_wconf 84' lang='lat' dir='ltr'><strong>luctentur</strong></span> <span class='ocrx_word' id='word_1_106' title='bbox 466 1583 565 1638; x_wconf 83' lang='lat' dir='ltr'><strong>funere</strong></span> <span class='ocrx_word' id='word_1_107' title='bbox 577 1584 720 1654; x_wconf 71' lang='lat' dir='ltr'><strong>plaustris,</strong></span> 
     </span>
     <span class='ocr_line' id='line_1_17' title="bbox 56 1662 784 1732; baseline 0 -14"><span class='ocrx_word' id='word_1_108' title='bbox 56 1665 119 1718; x_wconf 80' lang='lat' dir='ltr'><strong>Hac</strong></span> <span class='ocrx_word' id='word_1_109' title='bbox 130 1663 241 1718; x_wconf 76' lang='lat' dir='ltr'><strong>rabiosa</strong></span> <span class='ocrx_word' id='word_1_110' title='bbox 254 1663 325 1732; x_wconf 82' lang='lat' dir='ltr'><strong>fugit</strong></span> <span class='ocrx_word' id='word_1_111' title='bbox 338 1663 423 1731; x_wconf 83' lang='lat' dir='ltr'><strong>cenis,</strong></span> <span class='ocrx_word' id='word_1_112' title='bbox 434 1662 487 1716; x_wconf 84' lang='lat' dir='ltr'><strong>hec</strong></span> <span class='ocrx_word' id='word_1_113' title='bbox 498 1663 639 1718; x_wconf 81' lang='lat' dir='ltr'><strong>lutulente</strong></span> <span class='ocrx_word' id='word_1_114' title='bbox 650 1665 708 1718; x_wconf 86' lang='lat' dir='ltr'><strong>ruit</strong></span> <span class='ocrx_word' id='word_1_115' title='bbox 720 1681 784 1718; x_wconf 88' lang='lat' dir='ltr'><strong>sus:</strong></span> 
     </span>
     <span class='ocr_line' id='line_1_18' title="bbox 57 1745 703 1807; baseline 0 -7"><span class='ocrx_word' id='word_1_116' title='bbox 57 1747 72 1800; x_wconf 96' lang='lat' dir='ltr'>I</span> <span class='ocrx_word' id='word_1_117' title='bbox 84 1763 163 1800; x_wconf 90' lang='lat' dir='ltr'><strong>nune</strong></span> <span class='ocrx_word' id='word_1_118' title='bbox 175 1747 205 1798; x_wconf 91' lang='lat' dir='ltr'><strong>et</strong></span> <span class='ocrx_word' id='word_1_119' title='bbox 216 1762 314 1807; x_wconf 83' lang='lat' dir='ltr'><strong>versus</strong></span> <span class='ocrx_word' id='word_1_120' title='bbox 326 1748 421 1799; x_wconf 88' lang='lat' dir='ltr'><strong>tecum</strong></span> <span class='ocrx_word' id='word_1_121' title='bbox 433 1745 569 1799; x_wconf 83' lang='lat' dir='ltr'><strong>meditere</strong></span> <span class='ocrx_word' id='word_1_122' title='bbox 581 1763 703 1800; x_wconf 79' lang='lat' dir='ltr'><strong>canoros.</strong></span> 
     </span>
     <span class='ocr_line' id='line_1_19' title="bbox 56 1825 901 1898; baseline -0.002 -17"><span class='ocrx_word' id='word_1_123' title='bbox 56 1827 236 1898; x_wconf 79' lang='lat' dir='ltr'><strong>Scriptorum</strong></span> <span class='ocrx_word' id='word_1_124' title='bbox 249 1825 350 1880; x_wconf 87' lang='lat' dir='ltr'><strong>chorus</strong></span> <span class='ocrx_word' id='word_1_125' title='bbox 363 1826 455 1879; x_wconf 90' lang='lat' dir='ltr'><strong>omnis</strong></span> <span class='ocrx_word' id='word_1_126' title='bbox 467 1831 543 1880; x_wconf 82' lang='lat' dir='ltr'><strong>emet</strong></span> <span class='ocrx_word' id='word_1_127' title='bbox 555 1843 656 1880; x_wconf 88' lang='lat' dir='ltr'><strong>nemus</strong></span> <span class='ocrx_word' id='word_1_128' title='bbox 668 1830 698 1880; x_wconf 90' lang='lat' dir='ltr'><strong>et</strong></span> <span class='ocrx_word' id='word_1_129' title='bbox 710 1827 783 1896; x_wconf 81' lang='lat' dir='ltr'><strong>fugit</strong></span> <span class='ocrx_word' id='word_1_130' title='bbox 795 1825 901 1891; x_wconf 90' lang='lat' dir='ltr'><strong>urbem,</strong></span> 
     </span>
     <span class='ocr_line' id='line_1_20' title="bbox 56 1906 777 1979; baseline -0.001 -16"><span class='ocrx_word' id='word_1_131' title='bbox 56 1907 124 1963; x_wconf 84' lang='lat' dir='ltr'><strong>Rite</strong></span> <span class='ocrx_word' id='word_1_132' title='bbox 137 1907 224 1962; x_wconf 88' lang='lat' dir='ltr'><strong>cliens</strong></span> <span class='ocrx_word' id='word_1_133' title='bbox 236 1907 338 1961; x_wconf 78' lang='lat' dir='ltr'><strong>Bacchi</strong></span> <span class='ocrx_word' id='word_1_134' title='bbox 350 1923 449 1962; x_wconf 87' lang='lat' dir='ltr'><strong>somno</strong></span> <span class='ocrx_word' id='word_1_135' title='bbox 460 1907 608 1979; x_wconf 72' lang='lat' dir='ltr'><strong>gaudentis</strong></span> <span class='ocrx_word' id='word_1_136' title='bbox 621 1911 651 1963; x_wconf 89' lang='lat' dir='ltr'><strong>et</strong></span> <span class='ocrx_word' id='word_1_137' title='bbox 662 1906 777 1962; x_wconf 80' lang='lat' dir='ltr'><strong>umbre:</strong></span> 
     </span>
     <span class='ocr_line' id='line_1_21' title="bbox 56 1988 785 2058; baseline 0.001 -17"><span class='ocrx_word' id='word_1_138' title='bbox 56 1988 100 2043; x_wconf 83' lang='lat' dir='ltr'><strong>Tu</strong></span> <span class='ocrx_word' id='word_1_139' title='bbox 112 2006 160 2042; x_wconf 90' lang='lat' dir='ltr'><strong>me</strong></span> <span class='ocrx_word' id='word_1_140' title='bbox 172 1989 248 2042; x_wconf 86' lang='lat' dir='ltr'><strong>inter</strong></span> <span class='ocrx_word' id='word_1_141' title='bbox 259 1989 396 2058; x_wconf 89' lang='lat' dir='ltr'><strong>strepitus</strong></span> <span class='ocrx_word' id='word_1_142' title='bbox 408 1992 559 2042; x_wconf 86' lang='lat' dir='ltr'><strong>nocturnos</strong></span> <span class='ocrx_word' id='word_1_143' title='bbox 572 1992 657 2058; x_wconf 82' lang='lat' dir='ltr'><strong>etque</strong></span> <span class='ocrx_word' id='word_1_144' title='bbox 669 1990 785 2043; x_wconf 91' lang='lat' dir='ltr'><strong>diurnos</strong></span> 
     </span>
     <span class='ocr_line' id='line_1_22' title="bbox 56 2069 961 2139; baseline 0.001 -16"><span class='ocrx_word' id='word_1_145' title='bbox 56 2069 110 2123; x_wconf 85' lang='lat' dir='ltr'><strong>Vis</strong></span> <span class='ocrx_word' id='word_1_146' title='bbox 122 2086 221 2123; x_wconf 76' lang='lat' dir='ltr'><strong>cancre</strong></span> <span class='ocrx_word' id='word_1_147' title='bbox 233 2072 262 2123; x_wconf 93' lang='lat' dir='ltr'><strong>et</strong></span> <span class='ocrx_word' id='word_1_148' title='bbox 275 2072 417 2123; x_wconf 81' lang='lat' dir='ltr'><strong>contracte</strong></span> <span class='ocrx_word' id='word_1_149' title='bbox 429 2069 508 2139; x_wconf 91' lang='lat' dir='ltr'><strong>sequi</strong></span> <span class='ocrx_word' id='word_1_150' title='bbox 520 2070 639 2139; x_wconf 83' lang='lat' dir='ltr'><strong>vestigia</strong></span> <span class='ocrx_word' id='word_1_151' title='bbox 650 2070 764 2124; x_wconf 84' lang='lat' dir='ltr'><strong>vetuml</strong></span> <span class='ocrx_word' id='word_1_152' title='bbox 927 2076 961 2124; x_wconf 84' lang='grc'><strong>80</strong></span> 
     </span>
     <span class='ocr_line' id='line_1_23' title="bbox 57 2149 791 2222; baseline 0.003 -19"><span class='ocrx_word' id='word_1_153' title='bbox 57 2149 208 2219; x_wconf 85' lang='lat' dir='ltr'><strong>Ingenium</strong></span> <span class='ocrx_word' id='word_1_154' title='bbox 221 2150 275 2203; x_wconf 92' lang='lat' dir='ltr'><strong>sibi</strong></span> <span class='ocrx_word' id='word_1_155' title='bbox 287 2150 362 2219; x_wconf 90' lang='lat' dir='ltr'><strong>quod</strong></span> <span class='ocrx_word' id='word_1_156' title='bbox 374 2167 475 2204; x_wconf 80' lang='lat' dir='ltr'><strong>vacuos</strong></span> <span class='ocrx_word' id='word_1_157' title='bbox 488 2150 644 2222; x_wconf 82' lang='lat' dir='ltr'><strong>desumpsit</strong></span> <span class='ocrx_word' id='word_1_158' title='bbox 656 2151 791 2220; x_wconf 85' lang='lat' dir='ltr'><strong>Athones,</strong></span> 
     </span>
     <span class='ocr_line' id='line_1_24' title="bbox 56 2232 717 2305; baseline 0.003 -18"><span class='ocrx_word' id='word_1_159' title='bbox 56 2232 95 2286; x_wconf 85' lang='lat' dir='ltr'><strong>Et</strong></span> <span class='ocrx_word' id='word_1_160' title='bbox 107 2232 214 2287; x_wconf 89' lang='lat' dir='ltr'><strong>studiis</strong></span> <span class='ocrx_word' id='word_1_161' title='bbox 226 2250 313 2287; x_wconf 79' lang='lat' dir='ltr'><strong>annos</strong></span> <span class='ocrx_word' id='word_1_162' title='bbox 326 2236 435 2303; x_wconf 85' lang='lat' dir='ltr'><strong>septem</strong></span> <span class='ocrx_word' id='word_1_163' title='bbox 448 2232 526 2287; x_wconf 88' lang='lat' dir='ltr'><strong>dedit</strong></span> <span class='ocrx_word' id='word_1_164' title='bbox 537 2234 717 2305; x_wconf 76' lang='lat' dir='ltr'><strong>insenuitque</strong></span> 
     </span>
     <span class='ocr_line' id='line_1_25' title="bbox 56 2312 646 2382; baseline 0.005 -15"><span class='ocrx_word' id='word_1_165' title='bbox 56 2312 152 2369; x_wconf 86' lang='lat' dir='ltr'><strong>Libris</strong></span> <span class='ocrx_word' id='word_1_166' title='bbox 165 2318 194 2368; x_wconf 87' lang='lat' dir='ltr'><strong>et</strong></span> <span class='ocrx_word' id='word_1_167' title='bbox 207 2314 288 2382; x_wconf 84' lang='lat' dir='ltr'><strong>curis,</strong></span> <span class='ocrx_word' id='word_1_168' title='bbox 301 2317 395 2369; x_wconf 79' lang='lat' dir='ltr'><strong>statua</strong></span> <span class='ocrx_word' id='word_1_169' title='bbox 406 2315 574 2370; x_wconf 81' lang='lat' dir='ltr'><strong>tacitmnius</strong></span> <span class='ocrx_word' id='word_1_170' title='bbox 588 2315 646 2370; x_wconf 83' lang='lat' dir='ltr'><strong>exit</strong></span> 
     </span>
     <span class='ocr_line' id='line_1_26' title="bbox 56 2395 838 2468; baseline 0.004 -19"><span class='ocrx_word' id='word_1_171' title='bbox 56 2395 226 2466; x_wconf 85' lang='lat' dir='ltr'><strong>Plerumque</strong></span> <span class='ocrx_word' id='word_1_172' title='bbox 239 2399 268 2449; x_wconf 92' lang='lat' dir='ltr'><strong>et</strong></span> <span class='ocrx_word' id='word_1_173' title='bbox 280 2397 340 2451; x_wconf 88' lang='lat' dir='ltr'><strong>risu</strong></span> <span class='ocrx_word' id='word_1_174' title='bbox 353 2397 488 2467; x_wconf 90' lang='lat' dir='ltr'><strong>populum</strong></span> <span class='ocrx_word' id='word_1_175' title='bbox 501 2398 608 2466; x_wconf 81' lang='lat' dir='ltr'><strong>quetit3</strong></span> <span class='ocrx_word' id='word_1_176' title='bbox 625 2397 671 2451; x_wconf 90' lang='lat' dir='ltr'><strong>hie</strong></span> <span class='ocrx_word' id='word_1_177' title='bbox 683 2416 733 2468; x_wconf 90' lang='lat' dir='ltr'><strong>ego</strong></span> <span class='ocrx_word' id='word_1_178' title='bbox 745 2415 838 2452; x_wconf 86' lang='lat' dir='ltr'><strong>rerum</strong></span> 
     </span>
     <span class='ocr_line' id='line_1_27' title="bbox 57 2472 727 2547; baseline 0.003 -18"><span class='ocrx_word' id='word_1_179' title='bbox 57 2474 210 2529; x_wconf 74' lang='lat' dir='ltr'><strong>Fluctibus</strong></span> <span class='ocrx_word' id='word_1_180' title='bbox 223 2476 253 2529; x_wconf 92' lang='lat' dir='ltr'><strong>in</strong></span> <span class='ocrx_word' id='word_1_181' title='bbox 265 2472 365 2529; x_wconf 88' lang='lat' dir='ltr'><strong>mediis</strong></span> <span class='ocrx_word' id='word_1_182' title='bbox 378 2479 407 2529; x_wconf 92' lang='lat' dir='ltr'><strong>et</strong></span> <span class='ocrx_word' id='word_1_183' title='bbox 418 2477 638 2547; x_wconf 69' lang='lat' dir='ltr'><strong>tempestatibus</strong></span> <span class='ocrx_word' id='word_1_184' title='bbox 649 2477 727 2531; x_wconf 87' lang='lat' dir='ltr'><strong>urbis</strong></span> 
     </span>
     <span class='ocr_line' id='line_1_28' title="bbox 57 2558 786 2629; baseline 0 -16"><span class='ocrx_word' id='word_1_185' title='bbox 57 2558 154 2613; x_wconf 82' lang='lat' dir='ltr'><strong>Verba</strong></span> <span class='ocrx_word' id='word_1_186' title='bbox 166 2558 243 2629; x_wconf 82' lang='lat' dir='ltr'><strong>lyree</strong></span> <span class='ocrx_word' id='word_1_187' title='bbox 256 2561 367 2612; x_wconf 80' lang='lat' dir='ltr'><strong>motura</strong></span> <span class='ocrx_word' id='word_1_188' title='bbox 379 2575 480 2612; x_wconf 90' lang='lat' dir='ltr'><strong>sonum</strong></span> <span class='ocrx_word' id='word_1_189' title='bbox 492 2562 656 2613; x_wconf 87' lang='lat' dir='ltr'><strong>connectere</strong></span> <span class='ocrx_word' id='word_1_190' title='bbox 668 2559 765 2629; x_wconf 84' lang='lat' dir='ltr'><strong>digner</strong></span> <span class='ocrx_word' id='word_1_191' title='bbox 775 2559 786 2613; x_wconf 87' lang='lat' dir='ltr'><strong>&#39;l</strong></span> 
     </span>
     <span class='ocr_line' id='line_1_29' title="bbox 55 2638 728 2708; baseline 0.001 -15"><span class='ocrx_word' id='word_1_192' title='bbox 55 2639 160 2695; x_wconf 82' lang='lat' dir='ltr'><strong>Frater</strong></span> <span class='ocrx_word' id='word_1_193' title='bbox 172 2642 233 2693; x_wconf 84' lang='lat' dir='ltr'><strong>erat</strong></span> <span class='ocrx_word' id='word_1_194' title='bbox 246 2638 349 2693; x_wconf 80' lang='lat' dir='ltr'><strong>Romae</strong></span> <span class='ocrx_word' id='word_1_195' title='bbox 362 2640 483 2693; x_wconf 88' lang='lat' dir='ltr'><strong>consulti</strong></span> <span class='ocrx_word' id='word_1_196' title='bbox 494 2638 599 2708; x_wconf 89' lang='lat' dir='ltr'><strong>rhetor,</strong></span> <span class='ocrx_word' id='word_1_197' title='bbox 611 2641 646 2693; x_wconf 87' lang='lat' dir='ltr'><strong>ut</strong></span> <span class='ocrx_word' id='word_1_198' title='bbox 657 2640 728 2694; x_wconf 80' lang='lat' dir='ltr'><strong>ulter</strong></span> 
     </span>
     <span class='ocr_line' id='line_1_30' title="bbox 56 2719 689 2787; baseline -0.005 -12"><span class='ocrx_word' id='word_1_199' title='bbox 56 2720 186 2775; x_wconf 84' lang='lat' dir='ltr'><strong>Alterius</strong></span> <span class='ocrx_word' id='word_1_200' title='bbox 198 2737 325 2774; x_wconf 87' lang='lat' dir='ltr'><strong>sermone</strong></span> <span class='ocrx_word' id='word_1_201' title='bbox 337 2736 430 2773; x_wconf 89' lang='lat' dir='ltr'><strong>meros</strong></span> <span class='ocrx_word' id='word_1_202' title='bbox 441 2719 550 2773; x_wconf 83' lang='lat' dir='ltr'><strong>audiret</strong></span> <span class='ocrx_word' id='word_1_203' title='bbox 562 2719 689 2787; x_wconf 88' lang='lat' dir='ltr'><strong>honores,</strong></span> 
     </span>
     <span class='ocr_line' id='line_1_31' title="bbox 55 2799 761 2868; baseline -0.001 -14"><span class='ocrx_word' id='word_1_204' title='bbox 55 2800 203 2855; x_wconf 63' lang='lat' dir='ltr'><strong>Gracchus</strong></span> <span class='ocrx_word' id='word_1_205' title='bbox 215 2802 248 2852; x_wconf 93' lang='lat' dir='ltr'><strong>ut</strong></span> <span class='ocrx_word' id='word_1_206' title='bbox 260 2801 306 2853; x_wconf 89' lang='lat' dir='ltr'><strong>hic</strong></span> <span class='ocrx_word' id='word_1_207' title='bbox 317 2799 366 2868; x_wconf 90' lang='lat' dir='ltr'><strong>illi,</strong></span> <span class='ocrx_word' id='word_1_208' title='bbox 378 2801 450 2853; x_wconf 86' lang='lat' dir='ltr'><strong>foret</strong></span> <span class='ocrx_word' id='word_1_209' title='bbox 462 2800 528 2854; x_wconf 91' lang='lat' dir='ltr'><strong>huic</strong></span> <span class='ocrx_word' id='word_1_210' title='bbox 539 2803 574 2853; x_wconf 87' lang='lat' dir='ltr'><strong>ut</strong></span> <span class='ocrx_word' id='word_1_211' title='bbox 584 2800 695 2853; x_wconf 88' lang='lat' dir='ltr'><strong>Mucius</strong></span> <span class='ocrx_word' id='word_1_212' title='bbox 706 2799 761 2865; x_wconf 87' lang='lat' dir='ltr'><strong>ille,</strong></span> 
     </span>
     <span class='ocr_line' id='line_1_32' title="bbox 56 2877 962 2949; baseline -0.002 -16"><span class='ocrx_word' id='word_1_213' title='bbox 56 2880 113 2945; x_wconf 78' lang='lat' dir='ltr'><strong>Qui</strong></span> <span class='ocrx_word' id='word_1_214' title='bbox 125 2879 223 2932; x_wconf 89' lang='lat' dir='ltr'><strong>minus</strong></span> <span class='ocrx_word' id='word_1_215' title='bbox 236 2881 349 2947; x_wconf 82' lang='lat' dir='ltr'><strong>argutos</strong></span> <span class='ocrx_word' id='word_1_216' title='bbox 361 2882 444 2933; x_wconf 81' lang='lat' dir='ltr'><strong>vexat</strong></span> <span class='ocrx_word' id='word_1_217' title='bbox 455 2877 532 2934; x_wconf 84' lang='lat' dir='ltr'><strong>furor</strong></span> <span class='ocrx_word' id='word_1_218' title='bbox 543 2880 598 2933; x_wconf 86' lang='lat' dir='ltr'><strong>iste</strong></span> <span class='ocrx_word' id='word_1_219' title='bbox 610 2878 726 2949; x_wconf 72' lang='lat' dir='ltr'><strong>poetes?</strong></span> <span class='ocrx_word' id='word_1_220' title='bbox 927 2882 962 2931; x_wconf 71' lang='lat'><strong>00</strong></span> 
     </span>
     <span class='ocr_line' id='line_1_33' title="bbox 55 2958 779 3029; baseline -0.004 -15"><span class='ocrx_word' id='word_1_221' title='bbox 55 2960 190 3014; x_wconf 79' lang='lat' dir='ltr'><strong>Carmine</strong></span> <span class='ocrx_word' id='word_1_222' title='bbox 202 2974 347 3029; x_wconf 85' lang='lat' dir='ltr'><strong>compono,</strong></span> <span class='ocrx_word' id='word_1_223' title='bbox 359 2958 406 3014; x_wconf 92' lang='lat' dir='ltr'><strong>hic</strong></span> <span class='ocrx_word' id='word_1_224' title='bbox 418 2960 516 3029; x_wconf 84' lang='lat' dir='ltr'><strong>elegos.</strong></span> <span class='ocrx_word' id='word_1_225' title='bbox 553 2958 703 3013; x_wconf 79' lang='lat' dir='ltr'><strong>“Mirabile</strong></span> <span class='ocrx_word' id='word_1_226' title='bbox 714 2958 779 3012; x_wconf 85' lang='lat' dir='ltr'><strong>visu</strong></span> 
     </span>
     <span class='ocr_line' id='line_1_34' title="bbox 55 3038 900 3110; baseline -0.006 -14"><span class='ocrx_word' id='word_1_227' title='bbox 55 3042 263 3109; x_wconf 80' lang='lat' dir='ltr'><strong>anletumque</strong></span> <span class='ocrx_word' id='word_1_228' title='bbox 275 3057 378 3094; x_wconf 89' lang='lat' dir='ltr'><strong>novem</strong></span> <span class='ocrx_word' id='word_1_229' title='bbox 389 3040 479 3094; x_wconf 88' lang='lat' dir='ltr'><strong>Musis</strong></span> <span class='ocrx_word' id='word_1_230' title='bbox 491 3057 561 3110; x_wconf 90' lang='lat' dir='ltr'><strong>opus</strong></span> <span class='ocrx_word' id='word_1_231' title='bbox 570 3041 576 3092; x_wconf 87' lang='lat' dir='ltr'><strong>l</strong></span> <span class='ocrx_word' id='word_1_232' title='bbox 585 3040 599 3066; x_wconf 86' lang='lat'><strong>’¹</strong></span> <span class='ocrx_word' id='word_1_233' title='bbox 635 3038 756 3109; x_wconf 80' lang='lat' dir='ltr'><strong>Adspice</strong></span> <span class='ocrx_word' id='word_1_234' title='bbox 767 3038 900 3109; x_wconf 89' lang='lat' dir='ltr'><strong>primum,</strong></span> 
     </span>
     <span class='ocr_line' id='line_1_35' title="bbox 56 3120 752 3191; baseline -0.006 -15"><span class='ocrx_word' id='word_1_235' title='bbox 56 3122 173 3189; x_wconf 78' lang='lat' dir='ltr'><strong>Quanto</strong></span> <span class='ocrx_word' id='word_1_236' title='bbox 185 3138 251 3175; x_wconf 91' lang='lat' dir='ltr'><strong>cum</strong></span> <span class='ocrx_word' id='word_1_237' title='bbox 262 3120 347 3189; x_wconf 83' lang='lat' dir='ltr'><strong>festu,</strong></span> <span class='ocrx_word' id='word_1_238' title='bbox 360 3124 467 3191; x_wconf 81' lang='lat' dir='ltr'><strong>quanto</strong></span> <span class='ocrx_word' id='word_1_239' title='bbox 479 3120 624 3174; x_wconf 90' lang='lat' dir='ltr'><strong>molimine</strong></span> <span class='ocrx_word' id='word_1_240' title='bbox 636 3120 752 3173; x_wconf 86' lang='lat' dir='ltr'><strong>circum-</strong></span> 
     </span>
     <span class='ocr_line' id='line_1_36' title="bbox 54 3198 751 3275; baseline -0.007 -17"><span class='ocrx_word' id='word_1_241' title='bbox 54 3204 226 3275; x_wconf 86' lang='lat' dir='ltr'><strong>Spectemus</strong></span> <span class='ocrx_word' id='word_1_242' title='bbox 238 3218 355 3255; x_wconf 81' lang='lat' dir='ltr'><strong>vacuam</strong></span> <span class='ocrx_word' id='word_1_243' title='bbox 367 3199 500 3255; x_wconf 83' lang='lat' dir='ltr'><strong>Romanis</strong></span> <span class='ocrx_word' id='word_1_244' title='bbox 513 3201 625 3255; x_wconf 81' lang='lat' dir='ltr'><strong>vatibus</strong></span> <span class='ocrx_word' id='word_1_245' title='bbox 637 3198 732 3254; x_wconf 80' lang='lat' dir='ltr'><strong>sedem</strong></span> <span class='ocrx_word' id='word_1_246' title='bbox 745 3201 751 3253; x_wconf 92' lang='lat'>!</span> 
     </span>
     <span class='ocr_line' id='line_1_37' title="bbox 53 3278 821 3353; baseline -0.008 -14"><span class='ocrx_word' id='word_1_247' title='bbox 53 3284 124 3339; x_wconf 88' lang='lat' dir='ltr'><strong>Mox</strong></span> <span class='ocrx_word' id='word_1_248' title='bbox 137 3284 235 3351; x_wconf 80' lang='lat' dir='ltr'><strong>etism,</strong></span> <span class='ocrx_word' id='word_1_249' title='bbox 248 3283 273 3337; x_wconf 90' lang='lat' dir='ltr'><strong>si</strong></span> <span class='ocrx_word' id='word_1_250' title='bbox 285 3283 458 3352; x_wconf 70' lang='lat' dir='ltr'><strong>forteresse,</strong></span> <span class='ocrx_word' id='word_1_251' title='bbox 471 3300 585 3353; x_wconf 91' lang='lat' dir='ltr'><strong>sequere</strong></span> <span class='ocrx_word' id='word_1_252' title='bbox 599 3285 629 3335; x_wconf 90' lang='lat' dir='ltr'><strong>et</strong></span> <span class='ocrx_word' id='word_1_253' title='bbox 640 3280 737 3351; x_wconf 90' lang='lat' dir='ltr'><strong>procul</strong></span> <span class='ocrx_word' id='word_1_254' title='bbox 748 3278 821 3345; x_wconf 80' lang='lat' dir='ltr'><strong>audi,</strong></span> 
     </span>
     <span class='ocr_line' id='line_1_38' title="bbox 53 3363 811 3434; baseline -0.007 -13"><span class='ocrx_word' id='word_1_255' title='bbox 53 3363 133 3433; x_wconf 86' lang='lat' dir='ltr'><strong>Quid</strong></span> <span class='ocrx_word' id='word_1_256' title='bbox 143 3364 219 3420; x_wconf 78' lang='lat' dir='ltr'><strong>leret</strong></span> <span class='ocrx_word' id='word_1_257' title='bbox 231 3366 261 3419; x_wconf 87' lang='lat' dir='ltr'><strong>et</strong></span> <span class='ocrx_word' id='word_1_258' title='bbox 274 3380 359 3434; x_wconf 79' lang='lat' dir='ltr'><strong>quare</strong></span> <span class='ocrx_word' id='word_1_259' title='bbox 372 3363 426 3419; x_wconf 90' lang='lat' dir='ltr'><strong>sibi</strong></span> <span class='ocrx_word' id='word_1_260' title='bbox 437 3366 533 3418; x_wconf 83' lang='lat' dir='ltr'><strong>nectet</strong></span> <span class='ocrx_word' id='word_1_261' title='bbox 544 3367 663 3431; x_wconf 86' lang='lat' dir='ltr'><strong>uterque</strong></span> <span class='ocrx_word' id='word_1_262' title='bbox 675 3378 811 3416; x_wconf 74' lang='lat' dir='ltr'><strong>coronam.</strong></span> 
     </span>
    </p>
   </div>
   <div class='ocr_carea' id='block_1_3' title="bbox 0 0 1176 3850">
    <p class='ocr_par' dir='ltr' id='par_1_3' title="bbox 0 0 1176 3850">
     <span class='ocr_line' id='line_1_39' title="bbox 0 0 1176 3850; baseline 0 0"><span class='ocrx_word' id='word_1_263' title='bbox 0 0 1176 3850; x_wconf 95' lang='lat' dir='ltr'><strong> </strong></span> 
     </span>
    </p>
   </div>
  </div>
 </body>
</html>
