2342 3850
539 291 676 340 nouam
690 293 803 342 MCCI

360 417 420 473 Noa
432 417 608 474 cantabimus
619 419 741 474 invicem
812 419 814 424 ’

395 499 563 570 Neptunum
574 504 604 554 et
617 500 720 556 virides
731 500 883 556 Nereidum
895 518 1005 570 cornaa;

361 579 405 634 'l'u
417 597 501 634 curva
511 581 619 635 recines
630 581 690 652 lyra
766 617 771 628 ·

395 660 532 716 latonam
543 665 574 715 et
585 661 682 716 celeria
694 662 802 733 apicula
814 662 966 734 Cynthium

361 740 479 796 Summo
490 740 614 796 carmine
626 759 696 812 quaa
709 742 819 797 Cnidon

396 821 602 892 Fulgenteaque
614 825 694 877 tenet
706 823 840 894 Cycladas
852 826 881 878 et
893 821 1009 895 Paphon

363 901 476 958 Junctia
486 902 555 957 visit
566 903 703 970 oloribue3

399 982 518 1038 Dicetur
528 983 631 1038 merita
642 983 705 1038 Nox
717 1001 828 1054 quoque
840 982 929 1042 nenia

621 1300 727 1357 XXIX.

364 1466 529 1520 mma
540 1483 638 1536 regum
649 1465 801 1537 progenies,
813 1467 867 1522 tibi

365 1547 394 1602 N
395 1565 430 1602 on
442 1550 508 1601 ante
519 1564 600 1601 verae
612 1547 673 1602 lene
685 1565 796 1602 mamm
808 1549 875 1602 cado

400 1627 473 1682 (lum
484 1627 559 1696 flore,
571 1627 724 1695 Maecenas,
735 1645 862 1682 rosarum
874 1631 904 1684 et

435 1708 534 1762 Preaaa
544 1708 604 1761 tuia
616 1707 732 1762 balanus
744 1709 850 1779 capillis

367 1787 541 1844 Jamdudum
551 1790 627 1859 apud
639 1807 683 1844 me
696 1791 748 1844 est.
783 1789 867 1860 Eripe
879 1792 909 1844 te
922 1808 1032 1857 morae;

368 1869 413 1926 Ne
423 1886 535 1942 semper
547 1871 636 1925 udum
647 1869 737 1925 Tibur
749 1873 779 1925 et
790 1871 909 1927 Aeaulae

403 1951 519 2006 Declive
530 1952 729 2022 contempleris
741 1969 841 2007 arvum
852 1956 882 2008 et

437 2032 567 2103 Telegoni
575 2032 644 2103 juga
655 2032 815 2104 parricidae.

367 2113 554 2169 Fastidioeam
565 2114 662 2169 desere
674 2114 783 2185 copiam
795 2120 825 2169 et

367 2194 472 2249 Molem
482 2195 669 2266 propinquam
681 2195 804 2251 nubibus
816 2197 911 2252 arduis
921 2219 928 2262 ς

403 2274 512 2330 Omitte
523 2276 620 2330 mirari
632 2275 729 2331 beatae

438 2354 562 2410 Fumum
573 2359 603 2409 et
615 2372 683 2426 opes
695 2355 902 2427 strepitumque
914 2357 1025 2414 Romae.

369 2436 534 2507 Plerumque
545 2440 640 2504 gratae
653 2420 788 2491 divitibus
800 2437 883 2505 vices,

367 2516 544 2587 Mundaeque
554 2534 641 2587 parvo
652 2515 706 2572 eub
717 2516 773 2570 lare
784 2534 940 2589 pauperum

405 2597 515 2653 (leenae
525 2597 588 2651 eine
599 2597 703 2651 aulaeis
715 2599 745 2651 ct
757 2600 834 2651 ostro

440 2680 595 2735 Sollicitam
607 2680 764 2751 explicuere
777 2681 907 2737 frontem.

369 2761 435 2815 lam
446 2760 537 2815 clarere
549 2760 690 2815 occultum
702 2759 899 2817 Andromedae
911 2766 992 2835 pater

371 2841 505 2897 Ostendit
517 2840 618 2911 ignem
628 2840 688 2911 jam
700 2840 826 2911 Procyon
839 2842 909 2897 furit

404 2921 444 2976 Et
455 2921 536 2976 atella
547 2922 644 2976 vesani
656 2921 766 2990 Leonis,

440 3002 504 3057 Sole
516 3002 576 3056 dies
590 3002 728 3057 referente
740 3003 845 3059 siccos:

370 3083 436 3137 Jam
446 3085 544 3154 paatcr
555 3082 671 3137 umbras
683 3100 748 3137 cum
760 3100 842 3153 grege
853 3083 985 3155 langiido

311 3211 320 3223 ,
370 3164 528 3238 Rivumque
539 3163 631 3217 fessus
643 3163 752 3232 quaerit
765 3166 795 3218 et
806 3164 915 3219 horridi

406 3244 528 3299 Dumeta
539 3243 651 3310 Silvani,
665 3247 795 3314 caretque

441 3324 514 3394 Ripa
524 3323 602 3394 vagia
615 3324 756 3379 taciturna
766 3324 869 3381 ventis.
946 3387 949 3393 ,
