2342 3850
347 301 477 351 amnon
490 301 595 364 Hm,
610 306 647 354 lo.
910 311 955 360 1³³

11 414 16 431 ¹
116 427 238 483 Aemula
248 444 301 483 neo
311 428 406 484 virtus
416 427 529 501 Capuae
539 447 592 486 neo
603 429 753 503 Spartaons
765 450 829 490 aosr

150 509 296 580 Novisque
307 509 392 564 rebus
403 509 524 565 infidelis
535 511 679 582 Allobrox,

115 589 179 644 Neo
188 590 248 644 fera
259 590 385 645 oaernlea
395 590 506 645 domuit
516 591 666 648 Gumania
676 593 753 665 pube

150 669 372 742 Parentibusque
383 671 561 727 abominatus
571 672 722 744 Hannibal,

116 749 211 822 Impia
221 750 371 822 perdemus
382 752 476 807 devoti
486 753 630 824 sanguinis
640 757 726 826 aetas,

151 830 286 902 Pariaque
297 849 395 887 rursus
406 833 590 904 oouupabitur
600 835 698 890 solum

116 912 257 967 Barbam
268 912 325 967 hou
336 913 442 968 dneres
453 914 569 968 insistet
578 915 669 970 vietor
679 919 710 971 et
721 917 830 974 Urbem

152 992 247 1063 Quos
258 996 378 1048 sonante
388 993 549 1049 verberabit
558 996 672 1066 ungala,

117 1074 250 1144 Quaeque
261 1078 358 1128 oarmt
367 1075 461 1130 ventis
472 1078 503 1130 et
513 1075 621 1130 sohbus
632 1093 695 1132 ossa
706 1078 823 1150 Quirini,

151 1154 240 1209 Nefas
250 1155 361 1210 videre!
379 1155 529 1226 dissipabit
538 1156 670 1212 insolens

116 1236 202 1291 Forte
213 1235 284 1306 quid
293 1235 423 1308 expedint
433 1238 622 1292 oommuuiter
632 1240 684 1292 aut
693 1239 793 1294 melior
803 1257 868 1312 pars

151 1316 236 1371 Malis
246 1333 338 1372 oarere
349 1317 484 1387 quaeritis
494 1318 636 1372 laboribus
647 1337 654 1372 :

115 1398 204 1453 Nulla
209 1399 254 1452 sit
264 1399 318 1453 hau
328 1398 422 1470 potior
431 1399 580 1469 amtentia,
593 1399 779 1457 Phocaeorum

152 1481 241 1537 Velut
251 1481 377 1553 profugit
387 1486 530 1537 emanata
540 1484 639 1538 civitas

116 1563 208 1634 Agros
219 1565 305 1633 atque
316 1562 401 1617 lares
411 1563 518 1634 patrios
529 1563 735 1637 habitandaque
746 1566 811 1622 fena

152 1643 241 1715 Apris
250 1643 366 1714 reliquit
377 1647 408 1698 et
418 1644 566 1715 rapadbus
576 1645 661 1716 lupis,

118 1725 164 1779 Ire
175 1723 261 1795 pedes
272 1739 441 1794 quoeunque
451 1725 551 1794 forent,
563 1741 732 1797 quoeunque
743 1745 794 1798 per
804 1729 894 1784 undas

152 1804 249 1860 Notus
259 1805 372 1859 vooabit
382 1807 434 1860 aut
444 1808 592 1876 protervus
604 1805 723 1862 Afriosra

119 1885 165 1941 Sia
175 1885 290 1958 plaeetl
306 1901 344 1940 an
355 1885 456 1941 molins
467 1886 532 1957 quis
543 1886 630 1942 habet
641 1887 756 1943 suadere
766 1887 937 1946 l-Seuma

152 1968 256 2023 Ratem
267 1984 401 2038 oocupare
412 1966 481 2038 quid
492 1984 635 2023 moramur
646 1969 712 2023 alite
722 1969 733 2023 l

118 2047 449 2119 Sedjuromnsinhaeo:
466 2048 846 2106 Simulimissaxarenarint

153 2129 246 2185 Vadis
256 2129 356 2196 levata
367 2144 404 2183 ne
414 2128 505 2184 redire
516 2130 555 2183 sit
565 2130 660 2198 nefas3

118 2211 186 2266 Neu
196 2208 330 2265 eonversa
340 2209 456 2265 domum
467 2210 561 2281 pigeat
572 2211 638 2265 dare
649 2212 744 2281 lintea,
756 2213 869 2283 quando

153 2291 248 2346 Padus
258 2290 367 2345 Matina
376 2289 476 2345 laverit
487 2292 639 2361 eacumina,

120 2372 155 2426 In
166 2387 246 2426 mare
254 2387 306 2431 sear
316 2370 408 2425 eolsus
418 2372 588 2442 procurrerit
595 2372 774 2443 Apenninus,

154 2451 293 2522 Notaque
303 2454 431 2506 monstra
438 2452 565 2521 junxerit
574 2451 690 2508 libidine

118 2532 210 2587 Mirus
220 2548 309 2600 amor,
317 2531 400 2601 juvet
410 2534 445 2585 ut
455 2531 542 2603 tigres
553 2532 697 2589 subsidere
708 2535 805 2605 oervis,

154 2612 343 2668 Adulteretur
354 2615 384 2666 et
394 2612 523 2667 oolumba
533 2614 629 2683 miluo,

120 2692 243 2749 Credula
254 2708 307 2746 nee
317 2708 399 2746 ravos
410 2692 530 2748 timeant
541 2697 668 2749 armenta
679 2695 780 2765 leones,

156 2775 301 2843 Ametque
311 2773 386 2827 salsa
395 2773 467 2828 levis
477 2773 573 2829 hirons
584 2792 711 2845 aequora
779 2774 791 2787 ⁸

117 2854 201 2910 Haeo
211 2857 241 2909 et
253 2870 325 2924 quae
335 2856 471 2924 poterunt
480 2853 589 2909 reditus
601 2854 761 2912 abscindere
773 2855 868 2911 duloes

155 2935 263 2989 Famua
274 2934 366 2993 omnis
377 2938 520 2990 umectata
530 2935 639 3005 civitas,

115 3018 183 3073 Aut
194 3031 260 3085 para
271 3014 386 3070 indocili
396 3015 495 3071 melior
505 3032 586 3086 grege
596 3036 603 3083 ;
620 3016 713 3073 mollis
725 3021 754 3071 st
765 3031 864 3085 exspes

154 3095 318 3151 Inominata
328 3097 482 3167 perprimat
494 3096 597 3151 cubilia
607 3116 615 3164 3

115 3178 182 3233 Vos
194 3175 298 3245 quibus
309 3179 354 3230 est
365 3177 456 3232 virtus
467 3177 632 3233 muliebrem
643 3177 734 3233 tollite
745 3176 854 3232 luotum

151 3257 541 3329 Euaepmtereevouee
551 3259 654 3314 littora.
924 3259 959 3310 40
