2342 3850
389 319 563 368 cremum
578 319 599 369 I.
613 321 636 373 ⁷.

168 453 237 521 Nos,
249 453 381 524 Agrippu
392 469 483 523 neque
494 453 562 508 haee
573 453 666 509 dieere
677 471 729 510 nee
739 472 852 526 gravem

167 535 278 589 Pelidae
290 533 466 588 stomachum
478 533 574 589 oedere
585 535 674 589 nescii

167 615 229 670 Nec
241 632 339 669 cursus
350 613 470 685 duplicis
481 633 532 686 per
542 631 620 670 mara
631 615 725 671 Ulixei

203 695 263 750 Nee
275 712 385 750 saevam
396 695 506 766 Pelopis
518 695 635 750 domum

169 776 310 831 Oonsmur
321 779 421 830 tenues
432 775 554 846 grandia,
566 775 637 831 dum
648 775 740 848 pudor

169 856 349 926 Imhellisque
361 856 436 928 lyrae
447 857 529 910 Musa
540 860 643 927 potens
654 861 733 912 vetat

167 937 276 991 Ieudes
288 937 390 1008 egregii
402 936 527 992 Caesaris
539 940 569 992 et
584 941 650 992 tuas

203 1017 293 1088 Oulpe
304 1016 429 1072 deterere
441 1017 543 1088 ingeni.

167 1099 237 1166 Quis
248 1098 369 1152 Mertem
380 1098 476 1152 tuniee
485 1100 595 1152 tectum
606 1097 785 1155 adamantina

167 1179 257 1250 Digne
269 1179 413 1250 scripserit
424 1182 474 1233 eut
486 1179 602 1250 pulvere
614 1178 712 1234 'lhoioo

166 1260 286 1330 Nigrum
297 1260 440 1314 Merionen
452 1262 501 1314 sut
514 1277 565 1330 ope
577 1259 696 1314 Palladis

202 1339 330 1410 Tydiden
342 1340 450 1411 superis
462 1341 575 1411 paremll

166 1421 194 1475 N
195 1438 226 1475 os
238 1421 373 1487 convivia,
385 1437 436 1476 noe
448 1419 553 1491 proelis
564 1420 706 1490 virginum

167 1502 257 1556 Sectis
268 1502 299 1555 in
307 1501 425 1572 juvenes
436 1501 577 1572 unguibus
589 1501 696 1556 serium

167 1581 320 1636 Cantemus
332 1581 419 1650 veeui,
432 1583 490 1636 eive
502 1582 570 1652 quid
581 1582 691 1636 urimur

202 1662 268 1716 Non
280 1666 392 1734 praeter
403 1663 518 1718 solitum
530 1663 613 1718 leves

484 2012 550 2068 vn.

94 2152 278 2205 Leunenuur
289 2150 338 2205 alii
350 2149 451 2204 claram
463 2149 582 2203 Rhodon
594 2154 644 2204 aut
655 2149 810 2221 Mytilenen

133 2231 196 2286 Aut
207 2230 340 2302 Epheson
351 2230 502 2285 bimarisve
514 2230 643 2285 Corinthi

93 2312 207 2367 Moenia
217 2311 263 2365 vel
274 2310 383 2365 Beeeho
396 2310 506 2365 'lhebas
518 2312 563 2365 vel
575 2312 705 2383 Apolline
715 2313 842 2385 Delphos

131 2394 260 2463 insignes
270 2394 322 2447 sut
333 2390 466 2445 Thessala
477 2391 589 2463 Tempe.

94 2475 169 2528 Sunt
181 2473 284 2543 quibus
295 2488 385 2525 unum
397 2489 467 2543 opus
479 2476 523 2526 est
534 2473 657 2528 intectae
669 2473 787 2531 Palladis
798 2476 898 2532 urbem

130 2554 262 2609 Carmine
274 2555 411 2624 perpetuo
422 2552 562 2607 celebrere
575 2557 605 2607 et

92 2636 228 2705 Undique
241 2633 402 2703 decerptam
414 2632 501 2687 fronti
514 2650 682 2705 praeponere
695 2634 805 2691 olivam.

130 2715 272 2770 Plurimus
284 2714 314 2767 in
325 2713 447 2767 Junonis
458 2712 593 2767 honorem

92 2797 204 2869 Aptum
216 2795 292 2849 dicet
303 2793 383 2863 equis
392 2792 482 2863 Argos
494 2792 623 2863 ditesque
634 2794 771 2865 Mycenas

129 2877 176 2931 Me
188 2892 240 2929 nee
251 2879 311 2929 tarn
322 2874 433 2945 patiens
444 2874 633 2930 Iseedeemon

92 2959 153 3013 Nec
164 2962 225 3011 tam
237 2955 361 3009 larissae
374 2955 512 3025 percussit
523 2972 639 3025 campus
651 2956 768 3025 opimae,

129 3038 221 3104 Quam
232 3034 334 3091 domus
345 3034 489 3089 Albuneae
501 3036 658 3089 resonantis

92 3119 130 3173 Et
142 3134 276 3190 praeceps
287 3116 362 3170 Anio
374 3132 406 3169 ao
417 3115 536 3169 'liburni
547 3115 627 3170 lucus
639 3120 669 3171 et
680 3116 738 3171 ude

127 3197 282 3253 Mobilibus
293 3196 420 3267 pomeria
431 3195 506 3251 rivis.

91 3279 184 3335 Albus
194 3282 230 3333 ut
243 3276 362 3332 obscuro
375 3277 501 3347 deterget
513 3276 609 3332 nubila
620 3276 696 3331 eaelo

127 3362 215 3432 Saepe
228 3358 322 3414 Notus
334 3376 425 3429 neque
436 3359 558 3429 parturit
570 3357 676 3412 imbres
