2342 3850
450 753 517 811 VIL

56 926 204 986 Puosomu
215 930 299 1002 Regis
310 930 405 1002 Rupili
416 949 470 1003 pus
482 936 568 1005 utque
578 951 720 993 venenum

55 1007 162 1079 Hybrida
172 1029 228 1082 quo
239 1015 323 1084 puoto
334 1013 374 1067 sit
384 1012 496 1068 Persius
507 1015 594 1084 ultus,
608 1018 707 1088 opinor

55 1087 172 1147 Omnibus
184 1097 213 1148 et
224 1093 310 1165 lippis
321 1097 421 1148 notum
434 1098 463 1148 et
474 1096 638 1152 tonsoribus
652 1117 720 1154 esee.

51 1167 144 1227 Persius
154 1173 200 1229 hio
211 1191 362 1245 permagno
372 1176 484 1245 negotiu
495 1175 573 1231 dives
584 1177 709 1234 habebut

53 1248 212 1321 Clazomenis,
224 1255 310 1310 etium
321 1256 386 1310 lites
398 1273 463 1310 oum
474 1255 549 1326 Rege
560 1259 701 1328 molestes,

52 1327 129 1388 Durus
138 1335 222 1390 homo
232 1339 317 1406 utque
329 1335 392 1391 odio
403 1337 453 1407 qui
464 1341 561 1408 posset
572 1339 683 1394 vinoere
693 1341 806 1413 Regem,

52 1410 181 1470 Confidens
191 1415 381 1486 tumidusque,
394 1416 462 1470 odeo
473 1419 610 1474 sermonis
622 1421 710 1476 umeri

51 1491 161 1550 Sisennae
172 1497 272 1551 Burrus
283 1500 318 1550 ut
329 1497 409 1567 equis
419 1503 611 1567 praecurreret
622 1501 701 1555 albis.

50 1573 86 1627 Ad
95 1575 192 1647 Regem
202 1577 294 1633 redeo.
326 1578 479 1649 Postquam
490 1579 562 1634 nihil
572 1581 648 1636 inter
659 1585 811 1656 utrumque

51 1653 177 1728 Convenit,
190 1659 254 1730 (hoo
265 1659 371 1713 etenim
382 1660 632 1731 suutomnosjure
644 1663 756 1718 molesti
899 1672 933 1724 10

49 1733 98 1800 Quo
107 1738 190 1794 fortes
201 1740 305 1811 quibus
315 1739 464 1795 adversum
474 1740 581 1795 bellum
593 1741 708 1809 inoidit;
725 1744 801 1800 inter

47 1815 153 1876 Hectore
163 1822 318 1877 Priamiden
330 1823 486 1877 animosum
498 1826 584 1893 etque
595 1824 670 1878 iuter
681 1826 821 1882 Achillem

49 1895 86 1955 Im
94 1901 145 1958 mit
156 1904 284 1976 oepitelis
295 1906 330 1958 ut
340 1904 442 1959 ultime
453 1903 592 1960 divideret
603 1917 687 1975 mors,

46 1978 98 2035 Non
107 1985 188 2039 alium
198 1986 235 2041 ob
247 2003 359 2040 oensem
370 1984 427 2039 nisi
438 1984 514 2055 quod
523 1985 616 2040 virtus
628 1986 658 2040 in
669 1990 789 2059 utroque

48 2059 146 2119 Summe
155 2066 225 2121 fuit:
243 2066 299 2121 duo
310 2066 335 2121 si
346 2065 483 2120 disoordiu
492 2069 577 2121 vexet
589 2067 703 2136 inertes,

46 2143 93 2197 Aut
102 2147 125 2200 si
136 2146 294 2217 dispmffiue
305 2147 411 2202 bellum
422 2145 535 2214 inuidet,
547 2150 582 2200 ut
593 2146 723 2202 Diomedi

47 2220 104 2278 (lum
113 2226 197 2298 Lyoio
208 2228 322 2296 Gleuoo,
334 2227 460 2281 disoednt
469 2227 574 2298 pigrior
583 2227 660 2282 ultro

43 2300 193 2363 Muneribus
203 2309 297 2363 missis
303 2309 322 2378 ε)
339 2308 428 2362 Bruto
438 2312 566 2378 praetere
576 2311 693 2364 tenente

44 2381 126 2441 Ditem
135 2389 235 2443 Asiam
246 2388 342 2460 Rupili
353 2392 384 2443 et
394 2389 471 2445 Persi
482 2406 534 2459 pur
543 2393 658 2459 pugnet,
670 2390 714 2444 uti
725 2408 782 2445 nom

43 2462 225 2539 Conpositum
234 2469 337 2523 melius
348 2486 413 2523 oum
424 2467 511 2522 Bitho
521 2467 665 2524 Beoohius.
700 2470 735 2525 In
743 2471 793 2541 jus
897 2478 932 2529 20

41 2543 114 2601 dores
125 2551 304 2620 procurrunt,
315 2566 448 2619 magnum
459 2549 651 2620 speoteoulum
662 2552 790 2620 uterque.

41 2622 138 2683 Persius
149 2630 267 2700 exponit
278 2646 407 2695 oeusem;
423 2628 533 2683 ridetur
543 2629 579 2683 ub
591 2630 668 2683 omni

41 2704 176 2765 conventu
182 2730 191 2777 ;
206 2710 304 2764 laudnt
315 2709 435 2765 Brutum
445 2708 596 2780 laudatque
608 2710 765 2765 eohortem:

40 2785 118 2843 Solem
127 2792 216 2847 Asiae
227 2790 348 2845 Brutum
359 2790 489 2861 appellet,
500 2790 652 2859 stellasque
664 2790 789 2846 salubres

37 2868 159 2940 Appellat
170 2871 287 2926 oomitee
299 2874 416 2942 oxoepto
427 2869 517 2941 Rege;
535 2886 633 2924 ouuem
644 2870 726 2925 illum

36 2944 154 3007 Invisum
166 2952 295 3023 agricolis
306 2951 384 3007 sidus
395 2952 513 3006 venisse.
547 2949 659 3005 Ruebet

36 3025 143 3087 llumen
154 3036 191 3087 ut
201 3032 351 3087 hibernum
363 3033 453 3087 fertur
464 3048 521 3102 quo
532 3048 594 3086 reru
604 3030 719 3085 seouris.

36 3108 96 3167 'lllm
106 3114 307 3169 Praenestinus
318 3114 391 3168 salso
402 3113 547 3184 multoque
558 3110 659 3165 fluenti

34 3187 163 3264 lltprem
174 3193 291 3249 arbusto
300 3194 404 3264 regerit
415 3192 544 3260 eonviois,
559 3191 648 3245 durus

34 3268 405 3343 lindemietoretinriotue,
418 3274 557 3343 ouisuepe
567 3272 660 3325 vietor
895 3278 929 3329 30

35 3350 162 3411 coenet
172 3372 275 3426 mogun
285 3354 455 3426 oompellnns
464 3370 533 3408 rooe
543 3351 693 3406 cucullum.
