2342 3850
219 311 265 360 252
536 310 672 359 Honlrn
686 312 798 361 mccl

218 437 294 506 Quid
304 437 421 508 dignum
431 441 511 492 tanto
522 439 594 493 ferei
605 439 651 493 hio
662 440 816 510 promissor
826 440 924 496 hiatui

221 517 383 574 Parturiunt
394 522 514 585 montes,
525 523 661 574 nascetur
671 520 806 575 ridiculus
818 539 889 577 mue.

222 600 338 667 Quanlo
350 601 454 655 rectius
466 600 571 670 hicqui
584 601 754 655 nilmolitur
764 603 877 673 inepte:
1082 610 1144 661 140

158 745 161 752 Ι
219 681 297 736 “Dio
306 681 385 750 mihi,
396 683 485 750 Musa,
498 681 590 736 virum
602 686 699 753 captae
710 687 776 753 poet
787 688 915 755 tempora
928 684 1028 757 Trojae

220 762 275 830 Qui
287 780 378 818 mores
389 763 535 817 hominum
548 765 703 818 mrrltorum
714 765 787 818 vidit
798 770 829 820 et
840 767 949 820 urbes.’'

220 843 285 898 Non
293 843 403 898 firmum
415 861 450 897 ex
461 843 565 913 fulgore
575 843 625 897 sed
636 861 670 898 er
681 844 760 898 furno
771 844 836 899 dare
847 845 939 900 lucem

220 924 340 994 Cogitet,
352 927 387 977 nt
398 924 522 994 speciosa
534 924 636 978 dehinc
646 925 779 979 miracula
790 930 909 996 promat,

219 1004 394 1076 Antiphaten
406 1005 579 1075 Scyllamque
591 1009 622 1059 ei
633 1023 697 1060 cum
709 1005 828 1077 Cyclope
840 1007 1010 1079 Charybdin.

219 1085 279 1140 Nec
291 1085 413 1140 redicum
424 1085 568 1140 Diomedis
579 1087 616 1140 ab
627 1087 744 1140 interitu
755 1088 894 1158 Meleagri,

219 1165 280 1220 Nec
290 1167 402 1235 gemino
413 1166 518 1221 bellum
530 1167 682 1237 Trojanum
694 1166 804 1222 orditur
815 1168 850 1223 ab
862 1185 931 1235 oro;

220 1247 335 1318 Semper
347 1246 382 1302 ad
393 1251 527 1302 cronium
538 1247 655 1302 festinat
667 1251 696 1301 et
707 1249 737 1301 in
749 1248 855 1302 mediae
866 1267 912 1302 res

220 1328 285 1383 Non
297 1345 377 1383 secus
389 1345 421 1383 ac
432 1332 513 1382 nolas
524 1327 679 1382 auditorem
691 1329 775 1399 rapit,
788 1333 818 1382 et
829 1346 901 1399 quae

220 1407 488 1480 Desperatlraciala
500 1409 637 1464 nitescere
648 1426 730 1478 posse
741 1411 889 1480 relinquit3
1082 1417 1141 1468 150

221 1491 316 1560 Atque
328 1491 369 1545 ila
380 1492 526 1557 monsieur,
539 1491 580 1544 sic
591 1492 664 1543 veris
676 1490 745 1544 falsa
757 1491 895 1559 remisoei,

221 1571 314 1627 Primo
325 1588 360 1626 ne
372 1571 504 1639 medium,
517 1571 610 1624 medio
621 1589 657 1624 ne
668 1571 808 1641 discrepet
818 1572 916 1626 imum.

221 1651 265 1706 Tu
276 1652 345 1723 quid
356 1668 405 1722 ego
417 1656 446 1706 et
457 1652 578 1722 populus
589 1669 700 1706 mecum
711 1652 851 1706 desideret
861 1652 940 1708 audi:

222 1732 252 1786 Si
264 1733 400 1804 plausoris
411 1750 474 1802 eges
486 1733 580 1788 audeca
593 1734 734 1787 manentis
745 1736 776 1787 ei
785 1750 876 1802 usque

221 1813 331 1869 Sessuri
342 1814 428 1868 donec
440 1816 537 1868 cantor
549 1813 624 1868 ‘Vos
635 1813 771 1884 plaudite’
783 1813 866 1883 dicat,

222 1895 334 1951 Aetatis
346 1894 479 1966 cujusque
489 1893 605 1949 notandi
617 1898 686 1949 sunt
696 1895 751 1950 tibi
762 1912 863 1964 mores,

220 1976 426 2047 Mobilibusque
437 1976 520 2031 decor
531 1976 640 2030 naturis
651 1975 760 2030 dandus
772 1980 802 2030 et
812 1976 900 2031 annia

222 2055 346 2112 Reddere
358 2058 406 2127 qui
418 2074 499 2111 voces
507 2057 566 2127 jam
579 2058 634 2111 scii
645 2074 716 2127 puer
726 2061 756 2111 et
767 2056 839 2127 pede
851 2060 928 2111 certo

221 2139 318 2208 Signat
329 2139 456 2207 humum,
469 2140 555 2209 gestit
566 2137 682 2209 paribus
694 2139 840 2206 colludere,
852 2142 882 2192 ei
893 2140 963 2193 iram

223 2218 469 2290 (lolligilacponii
480 2223 596 2288 demere,
608 2222 638 2273 ei
649 2223 777 2274 mutatur
786 2220 817 2273 in
828 2220 917 2274 horas.
1078 2226 1137 2279 160

223 2298 371 2355 Imberbus
380 2300 491 2371 juvenis
503 2300 618 2357 tandem
629 2300 745 2354 custode
756 2303 865 2354 remoto

221 2380 331 2435 Gaudet
343 2381 422 2451 equis
434 2381 603 2451 canibusque
616 2385 645 2435 et
657 2382 743 2451 aprici
754 2381 878 2450 gramine
889 2381 988 2452 campi,

222 2458 325 2517 Gerous
336 2461 365 2515 in
377 2462 479 2516 vilium
490 2461 574 2530 decii,
587 2462 771 2516 monitoribus
783 2479 872 2532 asper,

222 2541 345 2596 Utilium
356 2542 453 2596 lardus
464 2544 597 2613 provisor,
608 2543 739 2613 prodigus
750 2543 830 2611 aeris,

221 2622 356 2678 Sublimis
368 2623 540 2694 cupidusque
553 2628 582 2677 et
593 2627 688 2677 amaia
698 2624 853 2693 relinquere
864 2622 971 2694 pernix.

222 2704 370 2759 Conversis
378 2702 480 2758 studiis
490 2706 566 2758 acies
577 2704 744 2773 animusque
754 2704 842 2758 virilis

221 2784 337 2851 Quaerit
349 2801 415 2855 opes
427 2787 457 2839 et
468 2784 613 2852 amicitias,
625 2785 742 2838 inservit
753 2784 859 2853 honori,

222 2866 400 2921 Commisisse
413 2868 493 2919 cavei
504 2864 580 2935 quod
590 2882 657 2918 mor
668 2868 777 2919 mutare
788 2865 903 2919 laboret.

221 2947 311 3001 Multa
322 2964 418 3001 senem
430 2946 653 3000 circumveniunt
662 2946 846 3014 incommoda,
857 2947 903 3001 vel
914 2946 991 3016 quod

221 3026 337 3093 Quaerit
348 3030 377 3081 el
388 3026 510 3081 inventis
522 3027 610 3081 miser
620 3027 885 3082 abelineiaclimet
895 3028 947 3096 uti,
1078 3035 1134 3087 170

221 3107 274 3161 Vel
285 3107 360 3178 quod
372 3125 417 3162 res
429 3124 525 3161 omnes
536 3108 636 3161 timide
647 3108 790 3177 gelideque
801 3109 954 3178 ministrat,

220 3186 337 3253 Dilaior,
349 3206 400 3258 spe
412 3188 517 3257 longus,
528 3187 610 3254 inere,
623 3187 776 3257 avidusque
786 3188 884 3257 futuri,

219 3266 355 3334 Difficilis,
366 3269 506 3337 querulus,
517 3268 646 3322 laudator
656 3269 793 3339 temporis
804 3270 861 3323 acti

220 3345 255 3396 Se
267 3360 362 3414 puero,
374 3347 523 3416 castigator
534 3365 687 3418 censorque
699 3350 848 3403 minorum.
