2342 3850
565 327 701 376 nouum
715 329 828 378 I'LACCI

383 468 425 523 Ut
437 469 570 523 Proetum
582 469 684 524 mulier
695 469 801 540 perfida
813 470 959 526 credulum

381 549 470 603 Falsis
481 549 627 620 impulerit
638 550 804 606 criminibus
815 552 901 606 ninus

416 629 500 684 Ousto
510 629 720 700 Bellerophonti

457 710 599 766 Maturare
612 729 716 778 necem,
728 711 822 766 refert.

381 791 485 846 Narrat
497 809 584 863 poene
598 791 696 847 datum
707 792 788 847 Pelea
799 793 923 861 Tartaro,

381 873 556 944 Msgnessem
568 872 743 943 Hippolyten
755 872 823 928 dum
836 873 908 944 fugit
920 874 1085 940 obstinens3

416 954 454 1008 Et
466 971 584 1025 peccare.
592 953 725 1008 docentes

452 1034 547 1090 Fallax
559 1035 692 1089 historias
703 1037 805 1088 movet.

382 1115 511 1169 Frustra:
530 1132 596 1169 nem
607 1115 729 1186 scopulis
742 1114 854 1169 surdior
867 1113 938 1169 Icari
982 1107 986 1113 ’

384 1197 475 1252 Voces
486 1195 567 1251 eudIt
579 1195 671 1251 edhuc
682 1197 797 1268 integer.
832 1199 874 1250 At
885 1195 941 1250 tibi

418 1277 462 1333 Ne
473 1278 584 1333 vicinus
595 1277 720 1348 Enipeus
744 1279 750 1292 “

454 1358 521 1413 Plus
529 1357 610 1428 justo
622 1359 731 1429 placeat
744 1375 829 1424 ceve3

384 1440 518 1507 Quamvis
530 1456 588 1493 non
600 1439 672 1493 elius
683 1439 796 1492 flectere
807 1455 912 1508 equum
924 1439 1017 1493 solens

383 1523 481 1590 Aeque
493 1519 666 1589 conspicitur
677 1519 802 1588 gramine
814 1517 924 1586 Martio,

388 1624 394 1637 ·
418 1601 478 1655 Nec
490 1600 640 1671 quiequam
652 1600 725 1654 citus
737 1616 825 1670 seque

458 1681 549 1735 Tusco
562 1680 677 1735 denotet
689 1681 774 1734 elvoo.

384 1762 477 1816 Prima
487 1764 570 1817 nocte
582 1761 698 1816 domum
710 1760 804 1815 claude
816 1777 906 1830 neque
918 1759 948 1814 in
961 1760 1020 1814 vise

384 1843 443 1898 Sub
455 1845 539 1897 contu
550 1843 683 1912 querulae
695 1841 806 1912 despice
818 1841 912 1909 tibiae,

417 1923 455 1979 Et
467 1927 496 1978 te
508 1940 591 1996 seepe
602 1923 715 1979 vocanti

453 2005 560 2059 Durum
572 2004 692 2060 difficilis
704 2021 792 2059 manc.

653 2332 734 2389 VIII.

383 2500 509 2554 Maurus
521 2496 630 2552 coelebs
642 2496 710 2567 quid
722 2512 801 2567 egem
813 2495 954 2563 Kalendis,

385 2580 461 2649 Quid
472 2579 561 2634 velint
573 2578 657 2632 flores
669 2582 698 2631 et
710 2594 803 2631 acerra
813 2576 906 2631 thuris

384 2661 470 2715 Pleno
480 2660 600 2726 miraris,
613 2658 777 2729 positusque
790 2656 872 2713 curbo
884 2656 915 2711 in

418 2741 549 2811 OeeepIte
560 2740 634 2807 vivo,

385 2822 474 2876 Docte
486 2836 629 2874 sermones
640 2818 787 2889 utriusque
799 2817 929 2887 linguosi

383 2903 523 2957 Voverem
534 2900 629 2955 dulces
642 2899 738 2970 epulcs
749 2903 780 2953 et
791 2898 886 2953 album

381 2983 480 3038 Libero
493 2999 609 3052 caprum
620 2999 707 3052 prope
719 2981 866 3036 funeratus

419 3062 538 3118 Arboris
550 3063 618 3119 ictu.

383 3146 439 3199 Hic
450 3144 511 3198 dies
523 3160 595 3197 enno
609 3142 743 3197 redeunte
754 3142 846 3197 festus

382 3226 523 3281 Corticcm
535 3224 703 3278 adstrictum
716 3223 778 3293 pice
791 3221 946 3277 dimovebit

380 3306 539 3375 Mphorse
551 3305 662 3358 fumum
673 3302 768 3357 bibere
781 3303 929 3357 institutus

418 3385 538 3450 Ooneule
550 3384 638 3438 Tullo
