2342 3850
4 307 10 442 l

362 298 583 352 msrouauuu
598 303 669 353 112.

60 419 213 491 Praecipue
223 437 288 475 oum
300 439 330 477 se
342 427 466 482 numeris
478 429 656 484 commendat
667 432 698 484 et
708 432 782 487 erle:

61 499 154 556 Discit
166 502 242 558 enim
255 504 338 559 eitius
349 509 532 580 meminitque
545 509 681 566 libentius
692 511 763 566 illud

60 581 143 649 Quod
155 583 219 654 quis
230 584 345 655 deridet,
358 605 442 658 quam
455 589 529 660 quod
540 590 641 660 probat
653 595 683 646 et
694 595 850 648 veneratur.

58 663 109 718 Nil
120 681 215 718 moror
226 665 348 720 officium
360 668 434 738 quod
447 686 492 724 me
503 674 608 742 pavet,
619 689 651 726 ao
663 690 754 744 neque
765 673 832 730 ficto

59 743 95 796 ln
107 743 190 814 pejus
201 744 282 798 vultu
294 749 413 818 proponi
424 767 520 804 oereua
532 768 661 822 usquam,

57 823 87 877 N
87 842 120 878 eo
130 842 216 894 prave
228 825 309 880 factis
320 827 442 884 decorari
454 831 581 886 versibus
593 837 669 904 opio,

57 903 102 958 Ne
114 905 231 960 rubeam
243 907 340 976 pingui
352 908 471 965 donabus
483 928 606 980 munere,
618 917 648 967 el:
660 931 716 968 una

58 985 132 1040 (lum
143 986 280 1056 scriptore
292 1005 361 1057 meo,
374 1008 456 1061 eapse
466 996 614 1062 porrectus
625 997 731 1065 aperta,

56 1068 176 1123 Deferar
186 1069 217 1123 in
228 1071 321 1126 vicum
333 1074 500 1130 vendentem
512 1076 579 1131 thus
592 1081 622 1132 ei
634 1078 733 1133 odores

56 1149 95 1204 Et
107 1151 190 1222 piper
201 1153 230 1206 el
242 1152 379 1224 quidquid
392 1155 495 1210 chamis
507 1156 639 1212 amicitur
649 1158 763 1230 ineptis
907 1161 960 1217 270

492 1495 529 1551 II.

49 1651 163 1718 From,
174 1647 249 1704 bono
260 1650 388 1722 claroque
400 1651 491 1708 fidelis
502 1654 593 1708 amioe
603 1652 720 1724 Neroni,

50 1733 82 1786 Si
96 1731 164 1802 quis
175 1731 247 1785 forle
258 1732 327 1786 velit
339 1750 457 1803 puerum
468 1733 524 1788 tibi
536 1733 657 1789 vendere
669 1738 769 1790 natum

49 1814 161 1868 Ἠὺιιτθ
173 1813 218 1868 vel
229 1814 334 1882 Gabiis,
346 1818 375 1869 ei
386 1819 481 1870 lecum
493 1816 535 1870 sio
546 1819 627 1886 agat:
647 1819 664 1848 “
673 1817 729 1871 Hio
741 1821 770 1872 el

49 1894 199 1951 Candidus
211 1896 241 1949 et
252 1895 324 1950 talos
336 1913 353 1951 a
364 1896 470 1952 vertice
481 1896 598 1968 pulcher
608 1897 645 1953 ad
656 1897 729 1954 imos

49 1977 119 2031 Fiet
131 1977 241 2047 eritque
252 1980 320 2031 tuus
331 1996 510 2034 nummorum
522 1980 645 2035 millibus
656 1984 729 2049 ocio,

49 2058 150 2113 Verna
162 2059 326 2113 ministeriis
338 2059 375 2113 ad
386 2063 474 2114 nutus
485 2063 570 2131 aptus
581 2060 693 2130 heriles,

49 2138 202 2193 Litteruus
214 2138 326 2193 Graecis
336 2140 474 2209 imbutus,
485 2140 605 2195 idoneus
616 2142 671 2196 arti

49 2220 179 2275 cuilibet
190 2238 198 2285 ς
215 2220 310 2289 argilla
321 2221 433 2289 quidvis
445 2222 602 2277 imitaberis
613 2222 669 2277 uda
680 2242 688 2289 ς

49 2302 128 2369 Quin
141 2301 229 2356 etiam
240 2305 320 2355 canet
332 2302 478 2357 indoctum
490 2303 540 2357 sed
551 2302 634 2359 dulce
645 2303 769 2359 bibenti:

49 2384 144 2437 Multa
156 2382 241 2436 iidem
251 2384 388 2452 promissa
398 2385 500 2451 levant,
512 2384 563 2439 ubi
574 2385 685 2454 plenius
698 2402 786 2456 aequo
923 2394 956 2444 lo

49 2463 162 2519 laudat
174 2464 285 2518 venales
297 2464 346 2533 qui
358 2466 419 2520 vuli
431 2464 578 2519 extrudere
590 2482 703 2521 meroes

49 2546 107 2600 Res
119 2546 203 2614 urget
214 2561 259 2598 me
271 2546 347 2599 nulla
359 2565 366 2612 ;
383 2562 446 2601 meo
458 2563 522 2601 sum
533 2563 640 2617 pauper
649 2547 681 2601 in
692 2565 762 2603 aere.

48 2625 144 2680 Nemo
155 2624 210 2678 hoo
222 2641 390 2694 mangonum
401 2626 505 2681 feneret
516 2626 571 2681 libi
581 2646 589 2692 ;
607 2644 664 2681 non
675 2629 781 2683 iemere
793 2645 810 2682 a
821 2644 866 2684 me

48 2706 152 2773 Quivis
164 2704 249 2759 ferrei
262 2705 342 2761 idem.
378 2706 470 2761 Semel
482 2706 528 2761 hio
540 2707 660 2761 cessavit
672 2711 708 2775 ab,
719 2710 754 2761 ut
765 2708 807 2777 fit,

48 2786 85 2840 In
98 2785 184 2840 soalis
196 2786 281 2840 latuit
292 2790 424 2841 metuens
437 2787 588 2858 pendentis
598 2787 745 2842 habenae”

46 2867 107 2922 Des
119 2882 261 2934 nummos,
273 2871 390 2938 excepta
401 2867 514 2923 nihilis
526 2868 550 2921 si
562 2868 629 2937 fuga
639 2866 742 2936 laedat,

47 2947 101 3002 llle
112 2946 188 3001 ferat
201 2947 325 3017 pretium
336 2964 441 3018 poenae
453 2965 577 3015 securus,
589 2949 707 3020 opinor;

45 3026 177 3083 Prudens
189 3028 284 3081 emisti
295 3030 431 3083 vitiosum
443 3050 451 3095 ;
468 3029 545 3083 diota
556 3028 612 3083 tibi
624 3031 669 3082 esi
679 3028 741 3082 lex:

46 3109 212 3180 insequeris
223 3112 318 3163 tamen
330 3109 405 3165 huno
418 3114 447 3165 et
458 3110 509 3163 lile
520 3109 637 3163 moraris
648 3108 766 3179 iniqual

45 3189 115 3245 Dixi
127 3205 175 3243 me
187 3188 298 3259 pigrum
309 3189 498 3259 proficiscenti
509 3189 644 3257 libidini
915 3194 952 3259 20

44 3269 165 3327 Talibus
177 3268 275 3323 officiis
287 3287 374 3340 prope
387 3287 527 3339 maneum,
538 3287 574 3325 ne
586 3286 649 3323 mea
659 3284 759 3323 saevus

43 3350 62 3403 J
63 3364 181 3419 urgeres
192 3347 229 3402 ad
239 3352 269 3403 ie
281 3350 359 3419 quod
371 3350 490 3421 epistola
500 3350 576 3405 nulla
587 3349 698 3404 rediret.

468 3450 488 3490 s
