2342 3850
226 303 271 350 182
546 297 683 347 nonam
696 297 810 346 ἙῚιΑΟΟΙ

224 429 263 484 Et
273 429 396 484 furiosus
407 427 478 493 erii3
496 422 580 497 quem
594 427 669 498 cepit
681 426 770 481 vitrea
781 425 862 494 fama,

224 511 308 565 Hunc
320 509 518 564 circumtonuit
526 508 649 578 gaudens
662 507 774 561 Bellona
787 506 917 560 cruentis.

223 592 252 646 N
252 609 307 646 unc
318 608 367 660 age
379 590 519 644 luxuriam
531 592 560 643 ei
572 588 784 642 Nomentanum
796 587 886 657 arripe
898 603 1021 640 mecum:

223 673 327 727 Vincol
340 672 416 726 enim
428 671 533 724 stultos
545 669 617 723 rabio
629 669 752 722 insanire
761 671 887 738 nepotes.

223 752 279 806 Hic
291 752 374 805 simul
386 751 494 820 accepit
505 750 659 820 patrimoni
671 749 746 803 mille
758 749 872 816 balanis,

222 832 316 886 Edicit
327 831 451 901 piscabor
462 831 514 898 uti,
528 831 678 901 pomarius,
689 847 798 900 auceps,

222 911 432 981 Unguenlarius
444 929 477 964 ac
487 910 571 964 'lbsci
583 910 669 964 turba
681 910 768 979 impia
779 909 842 976 vici,

223 994 296 1047 Cum
308 992 413 1046 scurris
424 991 520 1058 farier,
531 1008 596 1046 cum
608 991 728 1045 Velabro
740 1007 822 1044 omne
834 988 991 1056 macellum,

221 1073 303 1127 Mane
315 1073 430 1127 domum
442 1072 565 1126 veniant.
583 1070 659 1137 Quid
670 1071 751 1124 tuml
770 1070 879 1124 Venere
891 1069 1062 1138 frequentes.
1075 1069 1122 1120 230

221 1153 316 1208 Verba
327 1152 395 1206 facit
406 1152 482 1206 leno:
502 1150 647 1220 Quidquid
658 1151 737 1217 mihi,
751 1149 889 1220 quidquid
901 1149 1047 1204 ethorum

222 1235 329 1312 Ouiqpe
340 1232 418 1286 domi
430 1235 482 1299 esi,
496 1231 527 1284 id
538 1231 619 1285 crede
636 1233 720 1284 tuum
732 1234 763 1284 ei
774 1231 820 1285 vel
832 1248 907 1284 nunc
918 1233 984 1300 pete
997 1229 1044 1284 vel
1060 1245 1122 1284 cras.

220 1315 325 1385 Accipe
337 1312 407 1383 quid
419 1315 516 1366 contra
525 1310 639 1380 juvenis
650 1311 825 1382 responderit
837 1327 954 1382 aequus:

221 1391 273 1444 ‘In
284 1393 348 1446 nive
360 1393 472 1447 Lucana
484 1392 591 1446 dormis
604 1396 732 1446 ocreatus
744 1396 777 1446 ui
789 1409 890 1462 aprum

221 1471 343 1526 Coenam
355 1489 421 1542 ego;
438 1476 473 1526 iu
484 1472 576 1543 pisces
588 1472 706 1526 hiberno
719 1491 753 1526 er
765 1490 883 1542 aequore
895 1472 993 1526 verris.

220 1552 318 1622 Segnis
329 1571 387 1623 ego,
399 1553 530 1622 indignus
542 1552 591 1623 qui
603 1555 717 1606 ianbum
729 1553 901 1624 possideam:
920 1553 1014 1607 aufer:

219 1634 305 1688 Sume
317 1634 372 1688 cibi
384 1633 489 1700 decies;
507 1634 563 1688 cibi
574 1633 766 1700 tantumdem
784 1633 840 1687 nbi
851 1633 956 1704 iriplex

218 1714 302 1769 Unde
314 1732 386 1769 uxor
398 1714 491 1768 media
504 1715 594 1768 currit
606 1713 642 1768 de
654 1718 738 1768 nocte
750 1715 864 1769 vocata?

219 1793 309 1849 Filius
321 1795 426 1865 Aesopi
440 1795 597 1850 detractam
609 1813 644 1849 ex
656 1812 722 1848 aure
734 1795 871 1861 Metellae,

219 1875 331 1931 Scilicet
342 1879 377 1930 ui
388 1875 481 1930 decies
492 1875 614 1930 solidum
625 1873 798 1945 absorberet,
810 1878 889 1930 aceio
1075 1877 1123 1929 240

219 1956 312 2009 Diluit
323 1956 463 2026 insignem
475 1956 603 2011 baccam:
622 1956 671 2025 qui
682 1957 776 2011 sanior
787 1973 819 2009 ao
830 1957 855 2010 si

217 2037 293 2091 Illud
304 2037 379 2091 idem
391 2038 422 2091 in
433 2038 562 2109 rapidum
574 2036 680 2091 fiumen
688 2036 827 2107 jaceretve
839 2038 977 2093 cloacaml

220 2118 320 2184 Quinti
332 2119 479 2189 progenies
490 2119 565 2186 Arri,
578 2136 630 2189 par
641 2118 735 2173 nobile
745 2118 874 2186 fratrum,

219 2197 354 2267 Nequitia
365 2202 395 2252 el
406 2200 488 2269 nugis
501 2217 653 2270 pravorum
665 2202 695 2253 et
707 2216 800 2253 amore
812 2198 969 2269 gemellum,

220 2277 364 2348 Luscinias
376 2278 452 2332 soliti
464 2280 594 2350 impenso
606 2278 742 2350 prandere
755 2282 907 2350 coemptas,

219 2358 361 2424 Quorsum
372 2358 491 2413 abeanll
527 2360 614 2413 Sanin
626 2362 708 2427 creba,
720 2378 756 2414 an
769 2360 887 2414 carbone
898 2360 1035 2417 nobandil

218 2439 374 2495 Aedificare
388 2458 473 2508 casas,
484 2441 615 2512 plostello
628 2440 776 2512 adjungere
789 2459 891 2511 mures,

217 2519 325 2574 Ludere
337 2538 389 2591 par
401 2520 499 2592 impar,
513 2522 638 2592 equitare
651 2522 681 2575 in
694 2522 829 2577 arundine
840 2523 931 2592 longa,

218 2598 248 2653 qi
261 2618 346 2671 quern
358 2602 478 2656 delectet
490 2601 640 2657 barbatum
652 2604 775 2657 amentia
786 2606 888 2659 veraci.

218 2681 248 2735 ei
260 2682 394 2751 puerilius
405 2682 451 2736 his
463 2683 607 2737 ratioessa
620 2682 844 2752 evinceiamare,
1074 2688 1126 2739 250

217 2762 246 2815 N
247 2780 278 2816 ec
290 2762 444 2833 quidquam
455 2762 565 2818 differre
577 2766 710 2817 ulrumne
722 2764 753 2817 in
765 2764 878 2834 pulvere
890 2763 998 2822 trimus

218 2842 305 2908 Quale
317 2844 396 2914 prius
406 2842 487 2897 ludas
499 2861 577 2915 opus,
589 2860 625 2898 an
638 2844 794 2898 meretricis
806 2862 900 2898 amore

217 2924 358 2979 Sollicitus
369 2924 468 2995 plores,
481 2942 583 2995 quaero
596 2924 716 2979 faciasne
728 2924 805 2996 quod
818 2926 885 2979 olim

216 3006 345 3060 Mutatus
357 3006 508 3061 Polemonl
525 3024 616 3077 ponas
628 3006 748 3077 insignia
759 3006 861 3076 morbi,

216 3086 361 3154 Fasciolas,
374 3088 487 3156 cubilal,
500 3088 606 3156 focalia,
619 3092 705 3159 potus
717 3092 751 3143 ut
763 3088 810 3143 ille

216 3164 330 3218 Dicitur
340 3184 374 3219 ex
387 3168 457 3221 collo
469 3169 568 3221 fiirhim
580 3168 716 3239 carpsisse
728 3187 845 3225 coronas

216 3244 368 3312 Postquam
380 3251 424 3300 esi
436 3248 573 3318 impransi
585 3252 732 3318 correptus
744 3267 812 3305 voce
825 3250 970 3323 magistri?

216 3322 336 3391 Porrigis
348 3325 422 3379 irato
434 3344 521 3396 puero
534 3344 599 3381 cum
611 3344 696 3401 poma
708 3334 834 3385 recusat:
