2342 3850
377 317 552 368 cenum
561 319 594 368 11
603 327 627 372 8.

198 450 314 522 Pompei
324 467 452 506 meorum
463 451 553 522 ptime
563 451 707 520 sodalium,

199 530 272 586 Oum
282 548 340 602 quo
351 535 507 586 morantem
518 549 601 604 seepe
613 533 688 588 diem
700 551 777 588 mero

231 611 314 683 Frugi
324 614 471 667 somnitus
481 613 607 668 nitentes

265 693 440 748 Mulobethro
452 693 532 764 Syrio
543 693 678 765 eepillost

197 773 300 828 Tenum
312 773 457 845 Philippos
468 777 498 828 et
509 773 627 829 nehrem
638 775 733 846 fugem

169 862 171 866 '
196 855 276 910 Sensi
287 855 385 910 relicte
395 871 452 908 non
463 853 534 909 bens
545 856 678 926 pei-muln

230 935 302 990 Oum
314 937 402 990 fructu
412 936 504 990 virtus
515 939 545 989 et
556 936 678 991 minuens

146 1067 149 1072 ,
267 1015 360 1087 'hii-pe
371 1016 463 1070 solum
474 1015 593 1086 tetigere
604 1020 708 1072 mento.

197 1095 252 1150 Sed
262 1113 309 1151 ms
320 1113 372 1167 per
381 1096 477 1152 hostes
487 1095 643 1152 Mercurius
655 1097 726 1152 uslei·

196 1175 290 1231 Denso
302 1180 452 1248 peventem
463 1177 581 1231 sustulit
592 1181 672 1243 αῦτη

229 1257 269 1312 'l'e
281 1275 378 1312 rursus
390 1258 420 1312 in
430 1257 536 1312 bellum
547 1258 694 1312 resorbens

266 1335 351 1392 Unda
362 1337 442 1391 iretis
453 1337 521 1392 tulit
532 1339 677 1394 aestuosis.

195 1417 269 1488 Ergo
280 1417 433 1489 obligatum
444 1417 529 1473 redde
540 1417 559 1472 J
560 1419 607 1473 ovi
618 1418 719 1490 dnpsm

194 1498 342 1569 longeque
354 1498 459 1552 fessum
470 1499 572 1553 militis
582 1499 659 1554 letus

228 1578 344 1650 Depone
355 1577 409 1633 sub
420 1578 500 1634 lnuru
511 1596 574 1636 mes
585 1597 638 1634 nee

264 1660 349 1717 Purus
360 1661 436 1716 sedis
447 1661 502 1716 tibi
514 1662 669 1719 destinetis

193 1741 338 1797 Oblivioso
349 1741 422 1797 levis
431 1742 550 1797 Massico

193 1825 308 1882 Oiboriu
319 1825 399 1896 exple
409 1845 417 1890 ;
434 1825 520 1880 funde
532 1825 679 1898 eupembus

229 1904 379 1977 Unguenta
390 1905 425 1961 de
437 1905 555 1961 eonchis
592 1906 661 1974 Quis
669 1905 725 1961 udo

262 1988 306 2043 De
317 2005 465 2059 properare
476 1987 540 2058 epio
552 2004 667 2042 nerones

193 2068 316 2124 Ctnutve
327 2072 421 2139 myrto
430 2068 441 2123 i
459 2084 544 2138 quem
555 2066 653 2122 Venus
664 2067 802 2123 arbitrum

191 2148 275 2204 Dioet
286 2149 401 2204 bibendi
410 2149 421 2203 t
455 2147 522 2202 Non
534 2164 583 2219 ego
595 2148 689 2203 senius

228 2230 386 2285 Beechebor
396 2229 517 2283 Edonis:
534 2232 647 2300 recepto

263 2312 352 2367 Dulee
364 2311 435 2367 mihi
447 2310 538 2364 funere
550 2313 595 2363 est
606 2309 704 2364 emico.

459 2634 539 2690 VIIL

193 2800 276 2855 um
287 2799 313 2853 si
321 2799 395 2870 juris
406 2778 460 2853 tibi
473 2798 589 2871 p0j0rau

79 2896 84 2903 ·
190 2880 290 2949 Poene,
301 2880 408 2949 Burine,
419 2880 559 2935 nocuisset
570 2896 702 2949 unquam,

190 2960 284 3015 Dente
294 2960 321 3015 si
332 2961 412 3031 nigro
423 2960 504 3015 fieres
515 2960 560 3015 vel
571 2977 629 3014 uno

224 3041 346 3113 iinpior
356 3042 451 3112 ungui,

193 3121 349 3177 Crederem.
385 3121 440 3177 Sed
451 3124 485 3175 tu
496 3120 582 3175 simul
594 3119 723 3191 obligasti

190 3200 332 3257 Pei-fidum
342 3203 419 3258 votis
431 3205 516 3273 eaput
527 3201 658 3255 enitescis

194 3282 340 3337 Pulchrior
350 3283 449 3351 multo,
457 3282 648 3353 juvenumque
659 3277 755 3352 prodis

224 3362 340 3419 Publius
349 3381 423 3420 nura.
