2342 3850
260 259 395 309 HORA'I'II
414 260 525 308 runem
541 259 637 308 CABM.
653 259 701 308 ΙΙΙ.
712 261 734 308 l.

219 390 338 444 Duloem
351 388 532 444 elaborabunt
544 406 679 460 saporem,

255 469 321 524 Non
332 470 427 524 avium
439 469 617 540 citharaeque
629 471 729 523 santus

184 550 322 605 Somnum
333 549 476 604 reducent.
512 550 633 604 Somnus
644 549 798 620 agrestium

183 631 268 687 laenis
280 631 406 684 virorum
417 647 474 684 non
485 630 608 684 humiles
619 630 719 686 domos

218 711 342 766 Fastidit
353 710 571 781 umbrosamque
583 711 685 781 ripam,

255 791 320 846 Non
331 791 468 862 Zophyrie
480 791 587 862 agitatu
598 791 712 863 Tempe.

184 871 397 926 Desiderantem
409 872 485 942 quod
499 872 568 926 satis
579 876 625 926 est
636 889 727 943 neque

186 952 403 1006 Tumultuosum
416 951 548 1006 sollicitet
559 969 645 1020 mure,

220 1031 249 1086 N
251 1049 282 1086 eo
293 1049 393 1086 saevus
405 1033 519 1088 Arcturi
532 1032 659 1088 cadentis

258 1112 387 1183 Impetus
399 1116 450 1168 aut
462 1113 579 1167 orientis
591 1113 693 1181 Hsedi,

184 1191 213 1246 N
214 1210 251 1247 on
263 1193 426 1248 verberatae
437 1193 572 1264 grandine
583 1194 681 1248 vineae

184 1273 356 1344 Fundusque
368 1273 495 1341 mendax,
507 1274 607 1329 arbore
618 1291 694 1329 nuno
706 1291 793 1345 aquas

220 1353 361 1424 culpante
372 1371 448 1409 nuno
459 1355 599 1408 torrentia
609 1372 691 1425 agros

255 1435 352 1490 Sidera
362 1452 438 1489 nuno
448 1435 557 1490 hiemes
568 1435 687 1505 iniquas.

185 1514 336 1569 Contracta
348 1516 439 1586 pisces
451 1532 572 1586 aequors
583 1515 712 1570 sentiunt

184 1595 204 1649 J
205 1595 276 1649 artis
287 1596 318 1648 in
330 1595 420 1650 eitum
433 1596 572 1661 molibus;
590 1596 646 1650 huo
659 1597 791 1666 frequens

220 1675 373 1730 Caamsnte
383 1676 512 1731 demittit
524 1677 687 1748 redemptor

255 1758 327 1812 Cum
340 1758 452 1812 famulis
463 1757 650 1829 dominusque
662 1763 754 1813 terrae

184 1837 367 1893 Fastidioaus.
403 1839 458 1894 Sed
470 1838 566 1892 Timor
578 1843 609 1893 et
619 1839 713 1894 Minae

184 1919 328 1975 Scandunt
341 1919 438 1976 eodem
451 1938 507 1991 quo
519 1918 658 1989 dominus,
669 1938 762 1992 neque

221 2000 340 2055 Deoedit
352 2004 446 2055 aerata
457 2000 574 2069 triremi,
587 2005 618 2056 et

255 2080 323 2135 Post
335 2082 460 2151 equitem
472 2081 551 2135 sedet
562 2085 625 2137 atra
637 2081 718 2137 cara

183 2161 291 2229 Quodsi
304 2162 446 2217 dolentem
458 2179 510 2217 neo
521 2161 658 2233 Phrygius
669 2162 742 2234 lupis

182 2240 244 2295 Nec
255 2259 442 2312 purpurarum
454 2241 545 2295 sidere
557 2242 658 2297 clarior

219 2322 332 2376 Delenit
343 2339 412 2376 usus
423 2339 475 2377 neo
487 2322 604 2377 Falerna

256 2404 334 2457 Vitis
345 2404 621 2473 Achaemeniumque
633 2407 745 2459 nostum

183 2484 241 2539 Gur
252 2484 411 2538 invidendis
422 2483 552 2555 postibus
565 2488 594 2537 et
606 2502 681 2539 novo

184 2564 309 2619 Sublime
321 2564 379 2620 ritu
390 2564 490 2618 molier
503 2564 626 2619 atrium?

220 2644 276 2719 Cur
287 2645 358 2699 valle
370 2648 530 2717 permutem
542 2644 648 2701 Sabina

255 2724 376 2781 Divitias
389 2726 580 2797 operosioresi
