2342 3850
388 297 577 350 eamean!
591 300 612 352 Ι.
627 299 650 350 1.
923 301 967 352 lau

65 429 210 496 Quatenus
221 427 253 483 id
263 427 345 493 faeit3
361 429 397 481 ut
407 426 523 498 quidm
533 430 707 482 memoratur
717 428 840 484 Athenis

64 508 197 564 Sordidus
208 526 241 563 ae
253 508 340 577 dives,
351 508 450 579 populi
461 510 640 564 oentemnere
651 525 734 563 voees

65 590 106 644 Sic
116 590 234 646 salitus:
253 589 401 660 “Populus
411 605 459 644 me
469 588 581 656 sibilat;
598 593 629 644 at
640 589 711 644 mihi
723 589 826 661 plaude

65 665 126 741 Ipse
140 669 219 724 domi
230 669 315 727 simul
326 687 359 724 ae
369 686 502 724 nummos
513 669 688 740 eontemplor
699 670 730 724 in
741 671 825 726 area?

64 751 199 807 Tantalus
210 769 227 806 a
238 751 324 808 labris
335 750 438 805 sitiens
448 750 584 820 fugientia
596 753 692 821 captat

64 833 193 888 Flumina
206 873 213 888 .
225 874 232 888 .
244 874 251 887 .
262 873 270 888 .
282 831 357 900 Quid
367 830 460 886 rides?
477 834 587 886 mutato
599 832 713 887 nomine
726 832 760 888 de
772 835 802 886 te

64 913 168 970 Fabula
177 917 323 970 narratur:
341 913 481 983 dongastis
491 912 615 982 undique
627 915 715 968 saeuis
932 915 967 972 70

65 995 206 1050 Indormis
216 995 329 1049 inhians
340 997 370 1048 et
380 997 526 1064 tamquam
537 1011 648 1064 pareere
661 994 746 1048 meris

66 1075 175 1147 Cogeris
187 1080 239 1131 aut
249 1076 334 1146 pictis
344 1078 491 1145 tamquam
502 1074 621 1144 gaudere
632 1073 752 1130 tabellis.

65 1158 160 1214 Nescis
171 1175 230 1229 quo
241 1158 332 1212 valeat
342 1155 496 1211 nummus?
513 1173 598 1226 quem
609 1157 741 1227 praebeat
752 1158 853 1214 usumi

66 1239 143 1294 Panis
155 1242 276 1308 ematur,
288 1237 358 1307 olus,
369 1237 431 1292 vini
442 1238 590 1306 sextarius,
602 1237 672 1292 adde

67 1321 132 1388 Quia
141 1321 269 1375 humana
279 1319 334 1374 sibi
345 1318 437 1373 doleat
447 1322 549 1374 natura
559 1318 676 1389 negetis

66 1402 109 1456 An
119 1401 235 1472 vigilare
246 1403 326 1455 metu
338 1400 502 1468 exanimem,
513 1401 665 1470 noctesque
678 1399 792 1472 diesque

66 1482 224 1538 Formidare
235 1481 324 1536 malos
335 1481 419 1548 fures,
430 1479 565 1548 ineendia
577 1497 674 1536 servos

65 1561 106 1615 Ne
116 1565 145 1617 te
157 1561 314 1632 eompilent
326 1560 475 1630 fugientes,
486 1559 542 1615 hoe
549 1559 650 1630 juvati
684 1560 796 1616 Horum

65 1640 177 1715 Semper
186 1658 238 1713 ego
250 1641 371 1712 optarim
381 1641 577 1712 pauperrimus
589 1657 650 1696 esse
661 1641 808 1710 bonorum,

65 1723 125 1778 “At
135 1725 162 1779 si
173 1723 319 1779 condoluit
329 1725 474 1778 tentatum
485 1723 587 1793 frigore
600 1740 710 1794 eorpus,
930 1725 965 1776 80

65 1804 122 1858 Aut
132 1805 205 1860 alius
216 1821 298 1859 casus
309 1804 384 1858 leeto
394 1806 426 1858 te
436 1802 543 1871 adfixit,
555 1803 643 1858 habes
654 1804 704 1874 qui

66 1885 205 1956 Adsideat,
216 1885 343 1942 fomenta
353 1888 441 1957 parat,
453 1884 596 1941 medicum
607 1888 685 1956 roget
696 1886 731 1939 ut
743 1887 774 1940 te

65 1966 186 2024 Suseitet
197 1985 231 2023 ae
242 1966 335 2037 gnatis
345 1965 445 2021 reddat
456 1966 583 2037 aerisque
594 1964 785 2037 propinquis.'’

66 2045 127 2103 Non
137 2066 212 2103 uxor
222 2048 332 2103 salvum
344 2050 374 2101 te
385 2047 457 2116 vult,
468 2064 526 2101 non
536 2046 627 2112 filius;
645 2063 742 2101 omnes

66 2128 154 2183 Vicini
166 2128 296 2197 oderunt,
308 2128 378 2196 noti,
390 2127 471 2197 pueri
482 2129 567 2197 atque
578 2126 694 2198 puellae.

66 2209 179 2278 Miraris,
191 2224 282 2280 quum
293 2211 328 2261 tu
338 2210 453 2278 argento
463 2209 530 2277 post
541 2207 636 2261 omnis
646 2224 743 2277 ponas,

65 2288 93 2343 Si
103 2307 185 2345 nemo
197 2290 325 2360 praestet
335 2302 421 2357 quem
432 2304 496 2341 non.
501 2288 635 2341 merearis
646 2285 789 2343 amorem?

66 2370 109 2423 An
119 2370 146 2424 si
157 2371 301 2440 cognatos,
312 2368 391 2422 nullo
402 2371 502 2422 natura
512 2366 606 2422 labore

67 2449 138 2516 Ques
148 2450 205 2505 tibi
217 2448 275 2517 dat,
286 2448 406 2503 retinere
417 2446 488 2501 velis
498 2464 663 2517 servareque
675 2450 788 2519 amieos,

66 2529 163 2586 Infelix
174 2548 291 2602 operam
302 2528 419 2600 perdasi
436 2532 471 2583 ut
483 2528 508 2583 si
520 2528 584 2598 quis
596 2529 713 2585 asellum
930 2535 966 2586 90

65 2607 98 2664 In
109 2610 218 2683 Campo
230 2610 328 2665 doceat
338 2612 485 2681 patentem
497 2626 607 2663 eurrare
618 2609 711 2665 frenis.

65 2688 190 2763 Denique
202 2691 242 2746 sit
253 2691 319 2744 finis
331 2688 490 2760 quaerendi,
503 2706 647 2760 quumque
658 2690 762 2747 habeas
774 2691 839 2764 plus

64 2768 227 2842 Pauperiem
237 2774 350 2827 metuas
361 2770 457 2825 minus
469 2772 499 2823 et
510 2769 591 2825 finire
602 2770 730 2825 laborem

64 2848 191 2924 Incipias,
202 2854 285 2923 parto
298 2849 374 2921 quod
383 2851 493 2919 evehas,
505 2868 541 2905 ne
552 2850 637 2905 iacias
650 2850 726 2921 qued

64 2930 226 2987 Ummidius
237 2931 367 3004 quidam3
383 2948 440 2987 non
451 2930 534 3002 longa
545 2932 589 2985 est
600 2930 707 2991 fabula:
726 2930 805 2987 dives

63 3012 103 3067 Ut
114 3013 268 3069 metiretur
278 3029 425 3079 nummos3
442 3010 484 3066 ita
495 3009 624 3065 sordidus
635 3015 669 3066 ut
681 3026 711 3067 se

62 3093 126 3149 Non
136 3111 265 3164 unquam
276 3110 357 3149 servo
369 3093 470 3148 melius
481 3091 600 3147 vestiret
606 3111 613 3157 ;
631 3090 755 3163 adusque

63 3175 233 3249 Supremum
243 3180 368 3247 tempus,
380 3176 587 3247 nesepenuria
598 3176 691 3229 vietus
934 3194 952 3231 s

62 3256 243 3329 opprimeret
254 3258 408 3313 metuebat
443 3258 484 3312 At
495 3256 571 3311 hune
581 3254 684 3309 liberta
694 3253 786 3309 securi

62 3339 169 3397 Divisit
179 3340 314 3413 medium,
324 3338 480 3399 fortissima
489 3338 719 3415 Tyndaridarum.
916 3340 968 3392 100
