2342 3850
211 301 256 348 1⁸⁰
528 294 664 345 floalrfl
677 295 790 344 micel

211 428 311 483 Ostrea
322 426 444 494 Circeiis
456 426 565 480 Miseno
577 426 708 481 oriuntur
721 426 821 495 echini,

210 507 374 564 Pectinibus
385 507 490 576 patulis
498 506 589 576 jactat
600 523 630 560 se
643 506 726 561 molle
738 506 897 560 Tarentum.

210 587 270 642 Nec
282 587 337 642 sibi
349 603 497 641 coenarum
509 587 603 656 quivis
614 589 720 642 temere
732 587 847 657 adroget
858 591 956 654 amem,

209 668 275 724 Non
287 669 367 740 prius
379 671 477 722 exacta
488 667 568 721 tenui
581 667 691 721 ratione
703 685 843 738 saporum

209 749 238 803 N
238 767 269 804 ec
281 749 351 803 satis
362 752 407 803 est
417 766 481 803 cara
492 749 584 818 pisces
596 751 721 803 avertere
734 765 831 803 mensa

209 830 341 901 Ignarum
354 829 458 899 quibus
470 832 514 882 est
524 828 571 898 jus
583 829 679 899 aptius
691 833 720 883 et
733 828 837 898 quibus
848 828 920 883 assis

210 909 371 980 langradus
383 910 413 963 in
425 909 555 965 cubitum
564 909 624 979 jam
636 927 666 964 se
680 911 798 964 conviva
809 912 933 980 reponet

210 990 320 1044 Umber
331 993 362 1044 et
373 991 459 1061 iligna
469 991 597 1044 nutritus
609 989 708 1060 glande
721 990 857 1044 rotundas
1082 988 1115 1038 40

211 1070 317 1125 Ourvat
330 1087 398 1142 aper
409 1071 504 1125 lances
514 1088 628 1125 carnem
640 1071 759 1124 vitantis
771 1071 891 1124 inertem
905 1089 911 1135 ;

209 1151 284 1206 Nam
295 1152 418 1206 Iaurens
429 1152 519 1206 malus
531 1156 582 1221 est,
596 1151 670 1206 ulvis
681 1154 711 1206 et
723 1151 858 1206 arundine
870 1149 991 1221 pinguis

210 1233 302 1287 Vinea
312 1233 461 1288 submittit
472 1251 585 1303 capreas
598 1249 655 1286 non
667 1249 780 1302 semper
792 1231 894 1286 edules

211 1314 358 1369 Fecundae
369 1315 474 1385 leporis
485 1314 597 1384 sapiens
610 1313 765 1368 sectabitur
777 1329 877 1366 armos.

211 1394 339 1450 Piscibus
351 1399 436 1466 atque
447 1395 549 1450 avibus
561 1412 632 1465 quae
644 1397 746 1449 natura
758 1396 788 1448 et
798 1393 872 1447 foret
884 1395 961 1446 aetas

212 1476 289 1531 Ante
301 1493 397 1530 meum
409 1477 479 1530 nulli
491 1476 587 1546 patuit
598 1477 725 1545 quaesita
736 1475 870 1546 palatum.

212 1556 286 1612 Sunt
298 1574 418 1626 quorum
429 1557 572 1626 ingenium
584 1574 657 1612 nova
668 1559 782 1610 tantum
795 1553 920 1609 crustula
931 1551 1046 1622 promit.

212 1636 398 1707 Nequaquam
409 1638 479 1691 satis
491 1637 522 1690 in
532 1654 564 1690 re
575 1655 632 1692 una
645 1653 808 1691 consumere
820 1651 923 1702 curam,

214 1717 294 1773 Utsi
306 1718 369 1787 quis
381 1717 472 1772 solum
483 1716 621 1772 hecmala
632 1733 668 1772 ne
680 1719 738 1772 sint
750 1716 942 1783 vinalabcret‚

213 1798 296 1864 Quali
308 1798 460 1868 perfundat
471 1799 563 1869 pisces
575 1815 691 1852 securus
704 1798 786 1854 olivo.
1081 1800 1114 1849 50
1150 1809 1151 1895 q

214 1877 333 1934 Massica
345 1879 370 1933 si
382 1879 458 1933 caelo
469 1895 613 1950 suppones
625 1879 690 1934 vina
702 1896 800 1934 sereno

214 1958 360 2014 Nocturna
371 1960 397 2013 si
409 1959 478 2029 quid
489 1960 575 2013 crassi
587 1964 631 2014 est
644 1960 808 2015 tenuabitur
820 1976 894 2027 aura,

214 2039 252 2093 Et
264 2040 381 2094 decedet
393 2040 462 2095 odor
473 2040 567 2094 nervis
579 2041 712 2095 inimicus
722 2060 729 2107 ;
747 2045 777 2095 at
790 2040 842 2094 illa·

215 2120 362 2192 Integrum
374 2122 498 2192 perdunt
510 2122 568 2176 lino
580 2122 681 2178 vitiata
693 2139 828 2193 saporem.

214 2201 379 2256 Surrentina
390 2203 467 2257 vafer
479 2203 527 2272 qui
540 2203 641 2257 miscet
651 2202 727 2257 faece
739 2202 856 2257 Falerna

215 2282 290 2337 Vina
301 2283 461 2337 columbino
473 2283 574 2337 limum
585 2283 657 2337 bene
669 2283 775 2353 colligit
787 2300 847 2350 ovo,
878 2326 880 2330 .

215 2362 360 2428 Quatenus
372 2364 428 2417 ima
439 2364 514 2433 petit
526 2364 641 2419 volvens
654 2364 742 2418 aliena
754 2364 876 2420 vitellus.

215 2444 311 2499 Testis
323 2451 494 2501 marcentem
506 2446 615 2516 squillis
628 2445 766 2499 recreabis
778 2448 808 2499 et
820 2445 890 2498 Afra

215 2526 347 2580 Peterem
359 2527 470 2581 cochlea
482 2545 490 2592 ;
507 2544 573 2579 nam
584 2526 693 2581 lactuca
704 2527 815 2581 innatat
827 2526 885 2581 acri
924 2577 927 2587 ,

214 2606 284 2661 Post
295 2608 393 2662 vinum
404 2606 548 2662 stomacho
562 2627 568 2673 ;
587 2624 673 2677 perna
684 2608 773 2677 magis
785 2624 817 2661 ac
829 2607 917 2677 magis
929 2606 1007 2661 hillis

216 2686 339 2757 Flagitat
351 2688 503 2741 immersus
515 2687 592 2741 refici
605 2708 612 2753 ;
629 2688 699 2757 quin
712 2687 806 2741 omnia
817 2687 899 2741 malit

217 2768 406 2839 Quaecunque
417 2768 572 2822 immundis
582 2768 693 2823 fervent
705 2768 789 2822 allata
799 2768 920 2839 popinis.

216 2850 269 2905 last
281 2869 381 2922 operae
393 2851 516 2921 pretium
530 2850 650 2921 duplicis
662 2868 827 2921 pernoscere
835 2850 909 2919 juris

216 2931 362 2987 Naturam
397 2932 523 3002 Simplex
536 2950 551 2986 e
563 2932 639 2985 dulci
652 2934 762 2986 constat
775 2932 856 2998 olive,

217 3012 299 3080 Quod
311 3012 409 3083 pingui
420 3013 538 3067 miscere
549 3029 627 3067 merc
639 3012 783 3082 muriaque
796 3011 915 3081 decebit,

217 3091 284 3146 Non
295 3093 349 3148 alia
361 3110 445 3163 quam
457 3110 513 3162 qua
525 3093 661 3163 Byzantia
672 3092 771 3163 putuit
783 3108 854 3147 orca

217 3172 279 3225 Hoc
290 3173 341 3226 ubi
353 3173 500 3227 confusum
513 3174 599 3227 sectis
611 3173 748 3228 inferbuit
759 3172 855 3228 herbis

216 3248 389 3320 Corycioque
400 3270 481 3306 croco
493 3269 622 3322 sparsum
634 3254 725 3319 stetit,
738 3254 854 3325 insuper
866 3253 950 3309 addes
980 3313 982 3323 ,

214 3327 313 3382 Pressa
324 3329 497 3386 Venafranae
510 3332 585 3402 quod
599 3333 680 3387 bacca
692 3334 802 3389 remisit
814 3334 910 3391 olivae.
