2342 3850
227 257 272 303 100
528 255 666 304 HORA'PII
678 255 794 304 FLACOI

226 384 273 438 Sic
284 385 339 439 tibi
351 383 489 454 Penelope
501 383 575 453 frugi
587 385 638 450 est,
651 399 721 452 quae
733 383 758 438 si
771 384 858 438 semel
869 401 926 440 uno

224 465 268 520 De
279 484 345 521 sene
357 467 479 536 gustarit
490 469 587 520 tecum
600 467 707 535 partita
718 465 858 534 lucellum,

225 546 268 602 Ut
280 548 356 602 canis
367 565 385 602 a
396 547 470 602 corio
482 563 627 616 nunquam
639 546 844 601 absterrebitur
855 549 950 600 uncto.

224 627 271 682 Me
282 645 348 682 sene
359 627 436 699 quod
447 626 540 681 dicam
551 626 660 681 factum
673 629 730 680 est:
749 643 819 680 anus
832 626 963 698 improba
976 625 1084 682 Thebis

224 709 267 761 Ex
278 711 450 763 testamento
462 708 503 762 sic
514 711 560 762 est
571 708 660 762 elata:
679 707 810 762 cadaver‘

223 788 350 843 Unctum
362 790 422 844 oleo
434 790 509 858 largo
520 787 604 842 nudis
616 787 741 843 humeris
752 787 823 842 tulit
834 787 923 854 heres,

222 868 335 923 Scilicet
346 870 419 924 elabi
431 870 456 923 si
467 872 564 939 posset
575 872 688 922 mortua
700 888 707 932 ;
725 868 808 922 crede

221 948 304 1015 Quod
314 949 436 1003 nimium
447 948 590 1002 institerat
603 947 717 1002 viventi.
754 947 862 1001 Cautus
873 945 950 1000 adito
961 963 967 1000 :

220 1028 285 1083 Neu
296 1028 370 1084 desis
382 1046 482 1100 operae
493 1045 563 1082 neve
576 1027 778 1082 immoderatus
790 1026 921 1081 abundes

219 1110 368 1165 Difficilem
379 1113 409 1164 et
421 1126 565 1164 morosum
577 1108 700 1163 offendet
711 1108 840 1178 garrulus
851 1109 944 1173 ultro;
1093 1120 1125 1170 90

218 1187 284 1243 Non
296 1191 382 1244 etiam
394 1189 483 1244 sileas.
517 1189 614 1243 Devius
626 1188 666 1242 sis
679 1188 802 1242 comicus
814 1192 898 1259 atque

218 1270 283 1324 Stes
294 1272 386 1342 capite
398 1269 520 1340 obstipo,
533 1269 657 1323 multum
669 1269 770 1324 similis
782 1271 929 1326 metuenti.

217 1349 358 1421 Obsequio
369 1368 493 1422 grassare
504 1370 512 1415 ;
529 1367 619 1416 mone,
632 1349 657 1404 si
670 1347 812 1404 increbuit
824 1367 899 1419 aura,

218 1431 325 1488 (lautus
336 1433 381 1486 uti
391 1432 471 1486 velut
483 1447 580 1486 carum
593 1433 678 1501 caput
689 1451 697 1496 ;
715 1431 832 1486 extrahe
844 1433 927 1488 turba

217 1513 359 1584 Oppositis
370 1513 496 1566 humeris
507 1532 514 1577 ;
532 1529 628 1566 aurem
640 1510 800 1581 substringe
811 1511 929 1581 loquaci.

218 1594 402 1664 Importunus
414 1597 490 1647 amat
501 1592 627 1657 laudari;
645 1592 732 1646 donec
744 1591 804 1646 Ohe
813 1593 874 1662 jam
884 1596 891 1648 1
982 1612 985 1616 ’

216 1673 263 1730 Λᾶ
275 1674 381 1728 caelum
393 1673 522 1727 manibus
534 1673 654 1726 sublatis
666 1671 777 1740 dixerit,
789 1690 865 1742 urge,

217 1754 396 1809 Crescentem
407 1754 527 1807 tumidis
539 1753 607 1808 infla
618 1752 794 1808 sermonibus
807 1757 908 1809 utrem.

216 1834 289 1888 Cum
300 1837 330 1888 te
342 1835 458 1889 servitio
470 1835 553 1903 longo
565 1851 687 1904 curaque
699 1834 806 1902 levarit,

215 1914 253 1969 Et
264 1919 373 1971 certum
384 1915 508 1986 vigilans,
521 1916 662 1983 Quaeras
674 1930 717 1971 srr
728 1930 828 1971 ramus
840 1915 959 1987 Unrxm,
1071 1927 1123 1978 100

215 1997 354 2065 Audieris,
365 2012 471 2051 nunus:
490 1997 579 2067 ‘Ergo
591 2014 666 2051 nunc
678 1997 768 2051 Dama
779 1998 883 2051 sodalis
961 2042 965 2055 ι

214 2075 362 2147 Nusquam
373 2077 434 2131 estl
469 2077 553 2132 Unde
564 2078 635 2131 mihi
646 2080 706 2131 tam
718 2077 821 2131 fortem
832 2082 948 2149 tamque
960 2080 1072 2136 fidelem
1081 2083 1103 2135 l·

214 2156 316 2227 Sparge
327 2158 454 2224 subinde,
466 2161 504 2226 et,
516 2160 541 2211 si
553 2158 669 2229 paulum
681 2160 770 2228 potes,
782 2158 960 2213 illacrimare:
979 2165 1024 2215 est

205 2236 323 2310 *Gaudia
333 2238 499 2308 prodentem
511 2238 623 2291 vultum
635 2238 729 2291 celare
766 2238 930 2309 Sepulcrum

213 2317 384 2373 Permissum
395 2318 511 2373 arbitrio
523 2319 583 2373 sine
596 2318 725 2373 sordibus
738 2322 864 2386 exstrue3
883 2320 969 2375 funus

212 2399 327 2469 Egregie
339 2400 445 2454 factum
456 2400 553 2453 laudet
563 2399 673 2454 vicinia
709 2399 739 2453 Si
752 2400 815 2469 quis

212 2479 298 2534 Forte
310 2480 477 2535 coheredum
489 2481 582 2534 senior
592 2480 664 2535 male
676 2480 787 2548 tussiet,
799 2480 865 2536 huic
876 2484 911 2535 tu

212 2560 273 2627 Dic,
285 2579 319 2616 ex
331 2565 412 2633 parte
423 2566 473 2615 tua
484 2578 536 2615 seu
547 2560 629 2615 fundi
642 2560 701 2615 sive
713 2560 813 2615 domus
826 2562 866 2615 sit

212 2642 338 2713 Emptor,
349 2641 517 2711 gaudentem
527 2658 644 2697 nummo
656 2644 685 2695 te
698 2641 831 2697 addicere
866 2642 921 2697 Sed
933 2661 978 2698 me

213 2726 368 2797 Imperiosa
379 2725 470 2780 trahit
481 2724 646 2796 Proserpina
653 2744 661 2791 ;
678 2725 742 2781 vive
755 2726 893 2795 valeque.”
1066 2733 1123 2784 llll

634 2976 684 3032 VL

210 3132 275 3183 Hoc
286 3134 346 3184 erat
358 3131 389 3183 in
400 3130 489 3184 votis:
505 3128 606 3183 modus
619 3129 678 3200 agii
689 3146 746 3183 non
758 3131 800 3185 ita
810 3147 935 3201 magnus,

209 3210 318 3263 Hortus
329 3211 379 3265 ubi
391 3215 421 3265 et
432 3214 509 3264 tecto
521 3210 631 3263 vicinus
639 3210 715 3279 jugis
727 3228 816 3281 oquae
827 3212 890 3267 fons

207 3288 246 3341 Et
256 3288 372 3358 paulum
383 3291 469 3345 silvae
480 3306 566 3360 super
576 3288 623 3343 his
634 3290 714 3345 foret.
750 3291 872 3347 huetius
883 3294 970 3363 atquo
