2342 3850
543 325 677 373 HORA'HI
691 324 804 373 mccl

638 610 717 672 XXI.

322 771 446 825 Drannu
457 774 569 826 tenerae
581 771 667 827 dieite
679 771 807 842 virgines,

323 855 478 924 intonsum,
490 855 577 926 pueri,
590 855 675 909 dicite
687 854 843 926 Cynthium

359 937 548 1008 Latonamque
560 955 692 1009 supremo
705 978 707 981 ψ

393 1022 531 1076 Dilectum
541 1021 658 1093 penitus
668 1022 686 1075 J
688 1021 741 1077 ovi.

323 1103 382 1157 Vos
394 1102 496 1157 laetam
508 1101 604 1157 fluviis
615 1106 646 1156 et
656 1119 804 1156 nemorum
815 1118 900 1168 coma,

285 1204 286 1208 ¹
326 1184 510 1253 Quaecunque
521 1186 571 1238 aut
582 1183 673 1254 gelido
685 1184 826 1255 prominet
837 1181 938 1252 Algido
962 1250 964 1253 v

358 1263 454 1334 Nigris
466 1268 516 1320 aut
527 1264 694 1335 Erymanthi

393 1344 478 1400 Silvis
489 1349 539 1400 aut
551 1344 650 1400 viridis
662 1345 758 1416 Oragi3

323 1424 383 1481 Vos
394 1427 498 1498 Tempe
510 1426 631 1481 totidem
642 1426 736 1481 tollite
747 1426 877 1481 laudibus

323 1507 514 1578 Natalemque,
527 1524 625 1576 mares,
636 1507 726 1562 Delon
736 1507 882 1578 Apollinis,

359 1587 556 1658 Insignamque
567 1588 699 1659 pharetra

393 1669 581 1739 Fraternaque
593 1669 742 1723 humerum
753 1669 819 1740 lyra

324 1750 380 1806 Hic
391 1750 496 1804 bellum
508 1749 693 1819 lacrimosum,
704 1751 751 1805 hie
762 1751 893 1805 miseram
905 1750 1007 1804 famem

324 1831 489 1902 Pestemque
501 1850 518 1886 a
529 1833 634 1902 populo
642 1837 672 1886 et
683 1833 809 1903 principe
822 1832 936 1888 Caesare
948 1831 980 1885 in

358 1914 455 1969 Persas
467 1917 550 1984 atque
562 1913 711 1969 Britannos

394 1995 496 2049 Vestra
507 1999 603 2050 motus
614 2000 677 2067 aget
688 2013 777 2066 praee.

634 2334 727 2389 XXII.
769 2330 772 2336 ’

361 2490 486 2543 Inrnonn
498 2488 572 2543 vitae
585 2487 750 2557 scelerisque
762 2506 850 2560 purus

358 2571 426 2625 Non
437 2572 500 2639 eget
511 2568 617 2623 Mauris
625 2570 725 2639 jaculis
737 2587 826 2639 neque
837 2587 903 2625 arcu

359 2650 419 2705 Nec
431 2650 575 2704 venenatis
587 2649 701 2719 gravida
713 2650 832 2720 sagittis,

395 2730 491 2794 Fusae,
503 2731 640 2799 pharetra,

361 2810 426 2865 Sive
439 2826 489 2881 par
501 2810 599 2881 Syrtes
610 2811 665 2865 iter
676 2815 818 2865 aestuosas

360 2891 425 2945 Slva
437 2891 562 2945 facturus
573 2908 624 2961 per
635 2891 832 2962 inhospitalem

360 2971 514 3026 Caucasum
525 2970 570 3025 vel
581 2988 652 3041 quae
663 2971 722 3027 loca
733 2971 878 3027 fabulosus

395 3052 508 3106 Lambit
519 3050 675 3122 Hydaspes.

358 3132 488 3203 Namque
499 3150 545 3187 me
558 3131 628 3186 silva
640 3132 723 3204 lupus
735 3134 766 3187 in
778 3134 887 3201 Sabina

359 3213 436 3268 Dum
448 3230 540 3268 meam
552 3216 634 3267 canto
646 3213 765 3285 Lalagen
776 3218 805 3268 et
817 3215 893 3270 ultra
956 3249 959 3256 ι

360 3294 523 3348 Terminum
535 3294 609 3348 euris
620 3312 705 3365 vagor
716 3294 862 3365 expeditis

395 3372 479 3445 Fugit
491 3375 634 3444 inermem,
