2342 3850
221 235 268 282 224
531 231 667 280 nomn
681 231 794 280 mom

220 366 238 395 “
246 363 330 430 Pone,
341 376 437 415 meum
448 363 493 414 est
501 359 527 414 :”
539 359 640 430 inquit.
675 359 752 413 Pono
763 357 908 428 tristisque
920 359 1027 415 recedo.

220 442 301 498 Idem
312 444 337 497 si
349 443 451 497 clamet
461 441 560 509 furem,
572 443 657 511 neget
668 439 731 494 esse
740 439 882 510 pudicum,

219 523 378 578 Contendat
388 523 487 592 laqueo
499 521 601 576 collum
613 521 748 591 pressisse
760 524 927 592 paternum3

218 605 345 660 Mordear
356 602 512 676 opprobriis
523 603 602 658 falsis
613 606 777 672 mutemque
789 601 915 657 coloresl

217 686 316 741 Falsus
327 686 416 740 honor
424 684 505 755 juvat
517 688 547 738 et
558 684 678 739 mendax
689 685 804 738 infamia
815 688 905 738 terret

217 767 307 835 Quem
327 767 383 821 nisi
404 766 570 821 mendosum
590 770 620 822 et
640 766 836 822 medicandum
846 765 857 820 l
891 765 944 821 Vir
964 764 1057 821 bonus
1078 768 1113 818 est

287 847 372 918 quisl
1085 850 1114 898 40

217 928 273 996 Qui
285 928 412 983 consulta
422 930 543 998 patrum,
555 929 604 999 qui
616 929 690 999 leges
699 929 818 999 juraque
830 929 930 996 servat,

217 1010 280 1077 Quo
290 1010 396 1065 multae
408 1026 578 1080 magnaeque
590 1014 719 1064 secantur
726 1010 822 1080 judice
833 1009 907 1076 lites,

217 1091 279 1158 Quo
290 1109 335 1146 res
347 1107 479 1162 sponsore
491 1094 521 1145 et
533 1107 588 1161 quo
600 1107 697 1145 causae
708 1094 783 1144 teste
794 1091 936 1144 tenentur.

216 1171 272 1226 Sed
282 1172 360 1226 videt
372 1172 446 1226 hunc
459 1173 550 1226 omnis
562 1171 662 1226 domus
674 1176 703 1226 et
715 1172 817 1226 vicinia
827 1173 890 1225 tota

218 1252 376 1308 Introrsum
387 1256 509 1324 turpem,
522 1254 678 1323 speciosum
690 1253 761 1323 pelle
774 1252 879 1306 decora.

217 1336 235 1365 “
243 1334 303 1388 Nec
314 1335 423 1389 furtum
435 1332 487 1388 feci
498 1350 551 1388 nec
561 1333 644 1403 fugi‚”
657 1333 682 1386 si
693 1333 764 1388 mihi
776 1333 850 1388 dicat

216 1415 326 1483 Servus,
339 1418 356 1446 “
366 1415 461 1469 Habes
472 1415 604 1484 pretium,
616 1414 683 1468 loris
694 1432 751 1470 non
763 1414 878 1483 ureris,''
890 1414 940 1468 ai0.

217 1496 308 1550 “Non
318 1496 462 1550 hominem
474 1495 584 1550 occidi.”
619 1497 635 1526 “
642 1494 670 1548 N
671 1513 707 1550 on
719 1513 816 1566 pasces
828 1496 858 1549 in
869 1511 950 1549 cruce
963 1495 1083 1548 corvos.”

217 1577 310 1631 “Sum
320 1577 411 1630 bonus
422 1579 452 1630 et
463 1576 558 1645 frugi.'’
595 1577 612 1606 “
621 1574 725 1630 Renuit
737 1577 898 1647 negitatque
911 1575 1052 1628 Sabellus:

217 1657 324 1713 (lautus
335 1659 411 1711 enim
422 1659 525 1711 metuit
536 1657 646 1710 foveam
657 1657 741 1727 lupus
752 1658 938 1728 accipiterque
1085 1659 1115 1706 50

216 1739 368 1810 Suspectus
379 1739 492 1809 laqueos
504 1741 534 1792 et
546 1741 676 1808 opertum
687 1739 791 1792 miluus
803 1738 925 1792 hamum.

216 1818 343 1874 Oderunt
354 1836 467 1889 peccare
478 1818 546 1873 boni
558 1818 673 1872 virtutis
685 1835 778 1873 amore
788 1837 796 1884 ;

215 1898 729 1955 Tunihiladmittesinteformidine
741 1916 860 1971 poenae:

215 1981 261 2034 Sit
271 1999 336 2052 spes
347 1980 469 2049 fallendi
481 1980 611 2035 miscebis
624 1998 701 2035 sacra
711 1982 853 2052 profanis·
972 2020 981 2041 .
1148 2006 1149 2059 p

214 2062 289 2117 Nam
301 2062 335 2117 de
347 2062 423 2116 m1lle
434 2060 513 2116 fabae
523 2061 626 2115 modrrs
638 2078 703 2117 cum
714 2080 832 2133 surnprs
843 2079 941 2129 unum,
1148 2060 1149 2105 ἒ

214 2143 358 2197 Damnum
369 2145 481 2196 estnon
493 2142 601 2196 facinus
612 2142 683 2197 mibi
695 2146 778 2213 pacto
789 2144 879 2197 lenius
890 2142 971 2197 isto.’'

214 2223 267 2278 Vir
277 2223 377 2292 bonus,
389 2240 472 2277 omne
484 2223 576 2277 forum
588 2240 673 2293 quem
685 2227 794 2295 spectat
806 2228 836 2278 et
847 2241 929 2277 omne
940 2224 1073 2291 tribunal,
1148 2188 1149 2287 l

215 2303 442 2373 Quandocunque
454 2303 521 2358 deos
531 2304 577 2358 vel
590 2322 673 2375 porco
685 2305 730 2359 vel
742 2304 812 2359 bove
823 2305 924 2376 placat,

214 2385 394 2455 Janepater!
413 2386 493 2454 clare,
506 2385 578 2440 clare
592 2404 657 2441 cum
669 2386 749 2454 dixit,
760 2385 879 2457 Apollo!
1148 2340 1149 2469 i

215 2466 304 2521 Labra
315 2469 411 2521 movet
421 2469 551 2521 metuens
562 2468 668 2521 audiri:
687 2467 828 2522 “Pulchra
839 2468 970 2535 laverna,
1082 2472 1117 2520 60
1148 2464 1149 2551 l

215 2549 260 2603 Da
270 2548 342 2602 mibi
353 2548 454 2615 fallere,
466 2547 502 2602 da
510 2547 590 2618 justo
602 2552 753 2619 sanctoque
765 2549 860 2617 videri,
1148 2580 1149 2657 p

1148 2682 1149 2779 i

1148 3132 1149 3181 l

1148 3184 1149 3219 l

215 2628 337 2684 Noctem
348 2628 469 2699 peccatis
481 2632 510 2682 et
521 2628 668 2683 fraudibus
679 2629 724 2699 obj
727 2630 768 2683 ἰῶ
779 2630 909 2685 nubem.’'

216 2710 271 2778 Qui
282 2706 381 2764 melior
391 2727 479 2778 servo,
491 2726 546 2779 que
557 2710 671 2764 liberior
681 2648 724 2765 sitJ
731 2728 837 2779 avarus,

216 2792 251 2846 ln
261 2792 356 2845 triviis
367 2792 456 2845 fixum
467 2808 532 2844 eum
543 2808 574 2844 se
587 2790 714 2844 demittit
726 2790 762 2845 ob
773 2808 871 2859 assem,

215 2874 281 2927 Non
292 2871 390 2937 video;
406 2888 473 2925 nam
485 2872 535 2941 qui
547 2872 643 2943 cupiet
653 2875 763 2926 metuet
774 2889 902 2942 quoque;
918 2891 1009 2945 porro,

216 2954 271 3021 Qui
283 2957 413 3008 metuens
423 2952 501 3007 vivet
511 2952 583 3007 liber
592 2953 662 3007 mihi
674 2970 731 3007 non
743 2955 798 3008 erit
808 2971 941 3024 unquam

214 3033 341 3088 Perdidit
352 3050 437 3101 arma,
448 3033 541 3087 locum
551 3034 668 3089 virtutis
680 3034 810 3103 deseruit,
822 3036 872 3105 qui

214 3114 330 3183 Semper
341 3114 371 3167 in
383 3113 508 3185 augenda
519 3113 636 3169 festinat
648 3118 677 3169 et
689 3115 819 3170 obruitur
829 3133 867 3170 re.

214 3192 342 3246 Vendere
354 3210 418 3246 cum
429 3194 520 3263 possis
532 3196 676 3264 captivum
688 3195 814 3251 occidere
824 3197 883 3251 noli
893 3217 900 3263 ;

215 3271 322 3325 Serviat
333 3274 458 3327 utiliter:
475 3274 537 3329 sine
548 3279 645 3345 pascat
657 3276 743 3332 durus
755 3280 878 3349 aretque,
1084 3280 1149 3341 7⁰
