2342 3850
365 307 540 358 CARMINUII
555 309 574 356 1.
590 311 627 368 31,
640 311 677 357 32.

459 589 565 646 XXXI.

225 760 302 824 Qum
314 757 472 812 dedicatum
484 758 576 829 poac'it
584 756 742 828 Apollinem

224 838 332 894 Vateal
349 839 418 908 quid
430 842 491 893 orat
504 839 538 893 de
550 842 647 909 patera
658 855 763 891 novum

259 919 392 974 Fundana
404 920 561 990 Equorum?
596 919 662 973 Non
674 918 783 989 opimae

296 1001 438 1056 Sardiniae
450 1007 558 1073 segetes
569 1003 681 1069 feraces,

224 1082 289 1136 Non
300 1087 443 1138 aestuosae
455 1087 534 1154 grata
545 1083 688 1138 Calabriae

225 1163 368 1230 Armenta,
380 1181 436 1217 non
448 1181 548 1218 aurum
560 1167 610 1218 aut
622 1163 691 1218 ebur
703 1162 839 1226 Indicum,

260 1243 326 1297 Non
337 1261 402 1298 rura
413 1261 482 1314 quae
494 1244 567 1298 Liria
579 1245 675 1315 quieta

296 1323 407 1377 Mordet
419 1319 491 1394 aqua
501 1325 659 1379 taciturnus
671 1326 768 1391 amnis,

226 1404 358 1458 Premant
371 1403 471 1460 Calena
482 1405 552 1460 falce
564 1405 668 1476 quibua
679 1405 758 1460 dedit

225 1485 351 1539 Fortuna
361 1485 456 1554 vitem,
469 1487 546 1541 dlves
559 1489 588 1540 et
599 1486 692 1541 aureis

266 1565 404 1621 Mercator
416 1568 536 1622 exsiccet
548 1567 658 1622 culullin

296 1647 372 1702 Vina
384 1647 452 1718 Syra
463 1651 593 1719 reparata
603 1665 704 1714 meroe,

227 1727 279 1781 Dia
291 1744 371 1782 carus
383 1728 459 1798 ipsis,
471 1728 575 1800 quippe
587 1731 673 1783 teret
685 1731 784 1800 quater

227 1810 309 1864 Anno
322 1809 445 1863 revisens
457 1826 561 1879 aequor
572 1809 748 1864 Atlanticum

262 1888 390 1961 impune.
426 1889 472 1945 Me
484 1895 603 1961 parcunt
615 1889 711 1957 olivae,

298 1970 344 2025 Me
356 1971 481 2037 cichorea
493 1971 622 2041 levesque
634 1971 746 2026 malvae.

227 2049 294 2103 Frui
306 2051 410 2121 paratis
423 2053 452 2105 et
464 2050 556 2106 valido
568 2051 647 2119 mihi,

227 2130 319 2197 hotot,
332 2129 417 2184 dones
430 2133 459 2185 et
471 2148 569 2201 precor
581 2132 690 2202 integra

264 2210 336 2268 Cum
348 2214 449 2278 mente,
462 2229 513 2265 nec
525 2216 638 2283 turpem
649 2217 790 2267 senectam

297 2292 401 2363 Degere
414 2309 465 2347 nec
477 2293 584 2347 cithara
596 2298 743 2349 carentem.

403 2686 406 2693 ι
482 2604 603 2663 XXXII.

229 2770 384 2826 Poscmun.
421 2769 451 2824 Si
463 2770 531 2840 quid
543 2772 623 2824 vacui
635 2771 688 2824 sub
700 2770 801 2824 umbra

230 2851 360 2905 Lusimus
371 2853 466 2905 tecum
479 2850 554 2920 quod
566 2854 596 2903 et
607 2850 682 2904 hunc
693 2851 723 2903 in
732 2868 836 2905 annum

228 2932 314 2987 Vivat
326 2935 355 2986 et
367 2931 468 3003 plureS,
481 2948 529 3001 age
542 2931 587 2985 dic
600 2931 738 2998 Indicum,

264 3011 384 3077 Barbite,
399 3029 515 3077 carmen,

231 3094 329 3149 Lesbio
341 3093 465 3163 primum
477 3091 619 3146 modulate
631 3092 693 3157 civi,

231 3174 285 3242 Qui
293 3174 372 3228 ferox
382 3173 455 3228 bello
467 3176 562 3227 tamen
573 3173 648 3227 inter
660 3188 743 3239 arina,

232 3255 295 3309 Siue
303 3254 437 3325 jactatam
449 3254 575 3325 religarat
587 3252 644 3307 udo

266 3334 361 3391 Litore
373 3334 475 3400 navim,
