2342 3850
219 301 265 350 15⁰
540 302 676 352 nostru
689 303 802 354 moer

220 430 332 487 Invidia
342 432 464 486 secrevit
474 431 584 502 privato
596 449 667 504 quae
678 433 772 488 minor
783 435 866 488 esset.

220 512 294 568 Nam
305 517 340 567 ut
351 514 469 585 quisque
480 513 595 568 insanus
606 514 694 584 nigris
705 514 830 568 medium
841 513 971 586 impediit
982 533 1048 570 erus

220 593 343 649 Pellibus
354 598 385 648 et
396 594 484 649 letum
496 593 610 649 demisit
621 598 735 666 pectore
746 595 865 664 olavum,

220 673 312 729 Audit
323 676 469 730 eontinuo:
487 676 582 744 “Quis
592 675 677 730 homo
689 675 735 730 hio
747 677 807 731 esti
825 694 881 747 qno
893 679 973 747 patre
985 679 1109 734 natusl”

100 805 105 815 .
221 755 265 810 Ut
276 757 302 810 si
313 757 362 827 qui
374 759 499 828 aegrotet
511 774 567 827 quo
577 756 676 811 morbo
688 756 799 826 Barrus,
811 756 909 811 haberi
1093 764 1126 814 30

221 835 264 891 Ut
276 837 371 908 cupiat
381 837 527 905 formosus,
540 838 587 892 eat
598 854 763 908 quacunque
774 837 876 908 puellis

221 915 333 987 Iujioiat
345 935 440 972 euram
451 917 601 988 quaerendi
613 918 729 988 singula,
742 917 818 988 quali

220 997 354 1068 sitieris,
366 1016 440 1067 sura,
452 999 527 1070 quali
538 998 617 1070 pede,
630 998 722 1069 dente,
735 999 847 1069 capillo:

220 1079 267 1135 Sio
279 1080 327 1150 qui
338 1081 482 1152 promittit
493 1081 576 1149 eives,
589 1080 689 1135 urbem
701 1079 755 1135 sibi
767 1096 856 1148 curae,

221 1159 376 1232 Imperium
387 1160 446 1215 iore
457 1164 488 1215 et
499 1159 620 1229 Italiam,
632 1160 747 1214 delubra
758 1159 881 1227 deomm,

220 1241 283 1309 Quo
294 1240 374 1313 patre
385 1243 424 1297 sit
435 1245 527 1311 natus,
539 1260 609 1296 num
617 1242 713 1312 ignota
723 1244 814 1296 matre
825 1241 1000 1312 inhonestus,

220 1322 325 1378 Omnes
336 1323 468 1378 mortales
479 1340 575 1378 ourare
587 1325 617 1376 et
629 1338 760 1392 quaerere
772 1321 852 1392 cogit.

220 1407 236 1435 “
245 1403 323 1458 'l'rrne
337 1404 408 1476 Syri,
420 1404 534 1473 Damae,
546 1406 596 1458 aut
608 1403 726 1474 Dionysi
738 1402 819 1470 filius,
831 1401 917 1456 eudes

220 1481 345 1555 Dejioere
358 1502 373 1539 e
384 1502 452 1539 saxo
463 1485 538 1539 cives
549 1487 600 1539 aut
612 1483 721 1538 tradere
734 1482 875 1538 Oedmol”

220 1563 285 1618 “At
296 1565 404 1620 Novius
414 1565 519 1636 eolloga
528 1563 616 1634 gradu
626 1566 694 1635 post
705 1581 751 1618 me
762 1563 842 1618 sodet
852 1580 923 1630 uuo;
1096 1571 1130 1620 40

218 1642 347 1716 Namque
358 1649 402 1700 est
413 1646 461 1700 ille
472 1648 552 1716 pater
563 1644 640 1715 quod
651 1648 711 1700 erat
722 1644 823 1700 meus.''
847 1647 864 1675 ‘⁶
871 1643 933 1699 Hoo
943 1644 997 1699 tibi
1011 1645 1129 1703 Paullus

218 1723 257 1778 Et
268 1725 395 1780 Messalla
407 1725 527 1780 viderisl
562 1725 604 1780 At
615 1725 669 1794 hio,
681 1725 705 1780 si
717 1726 825 1796 plostra
836 1724 956 1780 ducenta

219 1804 444 1876 Gonourmnlque
455 1804 515 1860 foro
525 1805 583 1860 tria
593 1805 699 1874 funera,
712 1822 812 1875 magua
823 1805 935 1860 sonabit

219 1883 329 1941 Cornua
340 1885 416 1957 quod
427 1886 576 1957 vincatque
588 1886 688 1954 tubam
706 1885 807 1943 saltem
819 1889 899 1943 tenet
910 1886 964 1943 hoo
975 1889 1057 1945 nos”

218 1964 302 2022 Nune
313 1967 349 2022 ad
359 1986 405 2023 me
417 1968 500 2023 redeo
510 1968 644 2023 libertino
655 1971 736 2039 patre
748 1972 857 2039 natum,

218 2046 309 2113 Quem
320 2047 423 2103 rodunt
434 2066 531 2105 omnes
542 2049 675 2105 libertino
687 2053 766 2121 patre
777 2052 885 2120 natum,

218 2126 303 2182 Nune
315 2129 381 2199 quia
391 2146 456 2183 sum
467 2130 530 2199 tibi,
541 2130 695 2200 Maeeenes,
705 2130 863 2199 eonvietor;
880 2133 912 2187 at
923 2130 991 2185 olim

218 2211 300 2277 Quod
311 2212 381 2266 mihi
392 2216 503 2283 pareret
513 2214 584 2284 legio
597 2214 721 2269 Romana
732 2214 855 2269 tribuno.

217 2292 360 2347 Dissimile
372 2294 426 2349 hoe
436 2294 479 2349 illi
491 2298 550 2361 est;
567 2296 702 2366 quianon
714 2298 748 2349 ut
759 2295 841 2350 forsit
852 2295 986 2351 honorem

216 2373 286 2429 Jure
298 2376 369 2430 mihi
380 2376 506 2431 invideat
517 2378 611 2447 quivis
622 2377 664 2431 ita
675 2379 706 2432 te
717 2394 827 2448 quoque
837 2378 967 2448 amioum,

217 2454 385 2511 Praesertim
397 2461 511 2514 oautum
523 2458 622 2529 dignos
633 2475 783 2529 assumere,
795 2476 881 2530 prava

217 2536 381 2593 Ambitione
391 2540 497 2610 procul.
533 2538 656 2595 Felicem
668 2538 759 2595 dicere
770 2558 827 2595 non
838 2540 892 2597 hoo

216 2618 263 2673 Me
274 2637 389 2691 possum
401 2638 467 2676 essu
479 2620 554 2691 quod
565 2624 595 2676 te
607 2621 726 2676 sortitus
737 2622 874 2688 amioum3

217 2699 302 2756 Nulla
313 2702 418 2757 etenim
429 2701 501 2757 milri
512 2705 542 2757 te
553 2701 612 2757 fors
625 2702 742 2758 obtulit:
761 2702 886 2775 optimus
898 2702 966 2756 olim

217 2781 359 2851 Virgilius,
371 2782 523 2853 posthunc
534 2782 637 2837 Varius
649 2782 743 2837 dixere
754 2783 823 2853 quid
834 2799 932 2837 essem.

217 2862 260 2917 Ut
271 2863 335 2917 veni
346 2880 440 2917 eoram
450 2864 598 2933 singultim
609 2880 698 2935 pauea
708 2863 828 2932 loeutus,

217 2942 314 2998 Infans
325 2961 446 3015 namque
457 2944 548 3015 pudor
558 2945 725 3017 prohibebat
736 2945 817 3016 plura
828 2944 939 3016 profari,

216 3024 281 3078 Non
293 3042 342 3095 ego
353 3043 400 3080 me
411 3025 484 3081 olaro
494 3029 595 3081 natum
606 3029 695 3097 patre,
707 3044 764 3081 non
776 3043 826 3096 ego
837 3026 942 3081 eireum

216 3103 263 3158 Me
274 3104 437 3161 Satureiano
448 3108 552 3162 veetari
563 3125 628 3163 rura
639 3106 750 3175 eeballo,

216 3182 272 3237 Sed
283 3184 359 3255 quod
369 3203 445 3239 eram
455 3202 544 3241 narro.
578 3186 740 3258 Respondes
751 3189 785 3241 ut
796 3189 863 3241 tuus
875 3188 919 3243 est
930 3204 992 3243 mos
1092 3194 1125 3244 60

216 3262 317 3317 Panea:
335 3264 417 3332 abe03
434 3267 464 3319 et
475 3283 588 3321 revocas
599 3284 673 3323 nouo
685 3271 751 3338 post
762 3285 859 3323 mense
866 3266 1008 3338 jubesque

214 3340 284 3395 Esse
295 3342 325 3395 in
336 3344 490 3403 emioorum
499 3362 624 3403 numero.
658 3347 791 3418 Magnum
803 3347 856 3403 hoo
868 3365 917 3419 ege
929 3347 1001 3403 dueo
