2342 3850
375 289 562 342 sumnum
576 293 610 344 Π.
624 294 649 344 8.
920 298 963 344 183

39 417 149 484 Sume,
161 415 278 470 catellel
296 420 379 488 neget
386 438 395 485 ;
412 418 438 472 si
449 436 507 473 nen
519 419 570 474 des
581 423 674 491 optet:
692 423 801 476 ametor

7 516 8 523 ¹
38 498 196 552 Exclusus
209 497 259 567 qui
271 497 359 552 distat
371 500 430 569 agit
442 500 493 554 ubi
504 518 601 556 secum
613 506 659 557 eat
672 519 708 556 sn
719 520 777 558 non
912 507 964 559 260

39 578 110 644 Quo
124 577 279 632 rediturus
290 583 351 633 eret
362 597 420 634 non
431 581 589 649 arcessitus,
602 586 632 636 et
643 582 741 638 haeret

38 661 161 715 Invisis
173 660 298 716 foribusl
334 663 412 718 ‘Nec
423 681 499 718 nunc
511 681 576 718 cum
588 682 634 719 me
647 668 729 720 vocat
740 665 816 720 ultro

37 744 215 799 Accedam?
231 762 268 799 an
279 746 376 816 potius
388 745 511 801 mediter
522 747 603 802 linire
617 747 726 802 dolores
736 748 747 802 l

38 826 203 891 Exclnsit;
221 832 346 882 revecat:
363 829 494 883 redeeml
530 828 597 883 Non
609 830 634 883 si
646 829 788 884 obsecret?
824 829 894 885 Ecce

38 908 161 962 Servus
173 923 235 959 non
251 908 333 976 paulo
344 909 512 978 sapientior:
548 910 587 964 ‘0
599 910 674 978 here,
684 927 754 980 quse
766 927 812 964 res

39 989 109 1043 Nec
123 987 252 1042 medum
262 988 348 1043 habet
359 1007 450 1059 neque
463 991 611 1044 consilium
624 991 732 1046 ratione
747 992 886 1062 modoque

40 1067 185 1123 Tractari
198 1085 257 1121 non
267 1068 344 1122 vult’
381 1069 417 1123 In
428 1087 522 1124 amore
533 1071 602 1126 haec
614 1075 682 1125 sunt
694 1072 774 1140 mala,
786 1072 900 1140 bellum,

40 1150 107 1204 Pax
120 1165 260 1202 rursum:
278 1149 347 1204 haec
358 1149 383 1203 si
395 1150 460 1219 quis
472 1152 653 1222 tempestatis
665 1169 753 1224 prope
765 1152 824 1206 ritu

41 1229 178 1284 Mobilis
189 1231 222 1282 ct
233 1246 313 1284 caeca
323 1230 467 1284 fluitantia
478 1235 554 1286 sorte
565 1231 676 1286 laboret

42 1309 186 1364 Reddere
199 1311 278 1362 certa
288 1309 350 1377 sibi,
362 1309 451 1364 nihilo
464 1311 528 1381 plus
539 1311 663 1381 explicet
675 1327 707 1365 ac
719 1311 744 1364 si
913 1311 965 1364 270

44 1389 188 1446 Insanire
202 1393 285 1459 paret
299 1393 376 1444 certa
387 1391 496 1445 ratione
508 1391 655 1462 modoque.

44 1471 138 1538 Quid,
153 1487 225 1524 cum
235 1469 346 1524 Picenis
358 1489 509 1542 excerpens
520 1472 629 1526 semina
640 1471 733 1542 pomis

44 1551 172 1607 Gaudes
184 1549 213 1604 si
225 1568 363 1608 cameram
375 1552 500 1622 percusti
511 1553 593 1619 forte,
605 1569 690 1624 penes
702 1555 732 1606 te
745 1551 792 1606 esi

45 1638 137 1706 Quid,
153 1655 224 1691 cum
234 1637 318 1692 bulbs
328 1638 395 1692 feris
407 1656 512 1693 annoso
523 1639 609 1694 verba
620 1640 723 1710 palato,

45 1719 240 1774 Aedificante
252 1735 329 1773 cusas
341 1720 390 1788 qui
402 1720 512 1774 sanicrl
547 1719 629 1774 Adde
642 1737 769 1774 cruorem

47 1799 214 1855 Stultitiac
226 1801 311 1868 atque
323 1799 417 1868 ignem
428 1799 520 1870 gladic
532 1804 664 1854 scrutare.
700 1799 791 1867 Modo,
804 1798 926 1868 inquam,

46 1879 178 1937 Hellade
191 1896 326 1950 percussa
335 1880 443 1935 Marius
455 1898 520 1937 cum
533 1881 702 1952 praecipitat
715 1897 745 1935 se

46 1964 190 2019 (territus
202 1961 267 2028 fuit,
279 1977 315 2015 an
326 1965 483 2017 commotae
495 1962 612 2016 crimine
624 1962 729 2015 mentis

46 2043 203 2099 Absolves
215 2041 358 2096 hominem
370 2047 400 2096 et
411 2043 523 2097 sceleris
535 2042 682 2097 damnabis
694 2040 822 2109 eundem,

46 2126 91 2180 Ex
105 2140 195 2178 more
208 2122 357 2193 imponens
369 2126 486 2193 cognata
497 2123 634 2177 vocabula
646 2122 749 2177 rebusl
917 2125 970 2176 280

47 2203 229 2261 Libertinus
240 2206 308 2272 crat,
321 2204 370 2273 qui
382 2204 487 2258 circum
499 2204 624 2274 compita
635 2204 726 2257 siccus

50 2286 162 2341 Inutis
173 2300 259 2337 mane
271 2300 355 2338 senex
367 2284 498 2339 manibus
510 2283 640 2338 currebat
653 2287 690 2352 et,
703 2282 855 2338 ‘Unum—

47 2367 131 2435 Qm'd
143 2370 212 2419 tam
224 2365 381 2434 magnuml’
400 2365 551 2433 addens,-
561 2368 569 2396 ‘
579 2382 669 2419 unum
681 2380 727 2418 me
739 2364 847 2435 surpite
859 2364 953 2430 morti,

48 2449 105 2502 Dis
117 2445 237 2501 etenim
248 2444 329 2499 facile
341 2446 409 2499 esti’
429 2446 542 2510 orabat3
560 2462 646 2501 sanus
658 2444 786 2513 utrisque

48 2527 191 2582 Auribus
204 2528 291 2595 atque
303 2525 409 2592 oculis;
425 2530 559 2594 mentem,
571 2525 628 2579 nisi
640 2525 796 2594 litigiosus,'

47 2609 218 2679 Exciperet
229 2605 360 2660 dominus
371 2623 436 2661 cum
448 2607 590 2661 venderet
626 2605 688 2660 Hoc
701 2622 812 2675 quoque
824 2605 924 2675 vulgus

49 2687 245 2759 Chrysippus
256 2686 339 2756 penit
351 2686 471 2741 fecunde
482 2688 513 2739 in
525 2688 608 2755 gente
620 2684 742 2739 Meneni.

48 2771 87 2824 ‘J
87 2767 225 2839 uppiter,
237 2766 365 2835 ingentes
376 2767 425 2836 qui
438 2766 489 2821 das
500 2766 658 2836 adimisque
671 2764 795 2835 dolores‚'

49 2852 154 2905 Mater
167 2848 212 2900 ait
224 2847 305 2916 pueri
316 2864 427 2911 menses
436 2846 497 2917 jam
509 2847 634 2917 quinque
647 2845 785 2913 cubantis,

49 2927 198 3000 ‘Frigida
209 2927 235 2980 si
248 2944 367 2997 puerum
379 2932 515 2997 quartana
527 2926 679 2997 reliquerit,
692 2925 739 2979 illo
921 2926 972 2977 290

48 3013 144 3065 Mane
159 3008 208 3061 die
221 3024 277 3077 quo
289 3010 323 3061 tu
335 3007 435 3062 indicis
444 3007 552 3079 jejunia
564 3007 657 3061 nudus

50 3093 88 3146 In
102 3087 213 3145 Tiberi
225 3086 329 3141 stabit?
366 3088 454 3142 Casus
465 3087 625 3143 medicusve
638 3086 738 3142 levarit

48 3174 193 3243 Aegrum
206 3184 242 3221 cx
253 3168 407 3238 praecipiti,
420 3171 511 3222 mater
522 3167 609 3222 delira
620 3166 732 3221 necabit

50 3254 89 3308 In
103 3248 208 3323 gelida
220 3249 308 3301 fixum
318 3248 381 3318 ripa
390 3248 549 3317 febrimque
561 3246 693 3311 reducet3

51 3335 169 3403 Quone
181 3328 257 3382 malo
270 3332 395 3383 mentem
407 3328 557 3383 concussa?
595 3327 707 3381 Timore
720 3324 880 3379 deorum.-
