2342 3850
338 363 341 368 ,
380 304 650 362 sumntum.

52 430 135 486 Vixit
144 429 308 503 inaequalis,
320 434 430 490 olavum
442 435 476 490 ut
487 433 756 506 muturotinholss,
926 447 959 496 10

51 511 181 567 Aedibus
192 529 228 567 ox
239 515 348 585 mugnis
359 515 455 570 subito
465 532 496 570 so
508 515 649 585 oondoret,
661 517 737 574 undo

50 593 186 649 Mundior
196 597 284 650 exiret
296 598 343 652 vix
353 597 503 653 hiosrtinus
514 597 648 667 honeste;

51 674 118 730 Jum
129 675 264 746 moechus
275 677 386 747 Romus,
395 678 456 749 jum
466 678 563 733 mullet
574 677 675 736 doctus
685 679 806 738 Athenis

51 756 163 824 Vivere,
175 757 349 829 Vertumnis,
361 763 501 830 quotquot
512 762 587 828 sunt,
599 764 683 816 nutus
695 762 805 833 iniquis.

50 835 154 892 Sounu
166 837 340 906 Volunorius,
351 843 503 911 postquam
514 839 556 894 illi
563 840 644 910 justo
654 841 785 914 ohersgro

51 916 193 974 Contudit
203 920 342 989 articulos,
354 922 404 992 qui
415 938 467 992 pro
479 938 511 976 so
522 921 638 976 tolleret
649 926 736 994 atquo

49 998 184 1054 Mitteret
195 999 226 1053 in
237 999 366 1070 phimum
377 1001 459 1070 tulos,
471 1001 600 1055 mercede
613 1001 714 1058 diuma

51 1079 234 1135 Conductum
244 1081 338 1151 puvit3
355 1085 462 1152 quanto
473 1082 648 1138 ooustuutior
658 1082 748 1140 isdem

52 1159 88 1215 Iu
97 1160 187 1229 vitiis,
198 1165 279 1215 tanto
289 1162 379 1217 levius
387 1163 473 1218 misor
484 1179 517 1217 oo
525 1162 602 1234 prior
612 1163 668 1233 illo,

52 1240 107 1308 Qui
115 1240 178 1311 jum
189 1245 328 1310 oontonto,
336 1243 397 1313 jum
408 1243 472 1298 lsxo
484 1242 551 1298 fune
562 1243 693 1301 taboram
924 1254 959 1305 20

51 1321 141 1376 “Non
153 1322 231 1376 dioos
242 1322 332 1390 hodio,
345 1340 480 1393 quorsum
491 1323 560 1378 huoo
571 1327 632 1378 tam
643 1324 742 1395 putida
753 1328 878 1399 tondunt,

52 1404 214 1461 Furciferi”
251 1406 322 1462 “Ad
344 1411 383 1475 to,
402 1407 540 1479 inquum”
580 1408 669 1476 “Quo
692 1414 782 1482 puoto,
801 1415 959 1484 possimot”

125 1489 142 1517 “
150 1486 261 1542 qudus

52 1564 209 1622 Forttmum
221 1571 252 1622 ot
263 1584 356 1623 moros
367 1568 498 1639 antiquuo
510 1567 609 1638 plebis,
623 1573 652 1624 et
664 1568 740 1626 idom

53 1645 84 1701 Si
95 1649 161 1717 quis
172 1648 210 1702 ud
221 1648 269 1703 ills
280 1649 349 1704 deus
361 1649 456 1704 subito
467 1652 497 1703 te
509 1652 574 1718 agot
585 1665 676 1719 usquo
688 1667 806 1722 recuses,

52 1727 115 1782 Aut
126 1729 193 1798 quia
203 1746 260 1784 uon
273 1730 362 1785 sontis
374 1728 450 1801 quod
462 1729 566 1784 olumus
577 1730 683 1784 rootius
696 1748 765 1800 osso,

52 1809 114 1863 Aut
126 1810 194 1879 quio
204 1827 262 1864 non
272 1811 371 1865 firmus
381 1814 491 1866 rootum
503 1809 635 1877 defendis,
647 1814 677 1865 ot
688 1811 784 1868 haeres

53 1887 250 1961 Noquioquum
262 1907 348 1946 ooono
359 1891 476 1961 cupiens
488 1889 604 1945 evellere
617 1889 749 1961 plantum

53 1970 159 2027 Romus
169 1990 220 2028 rus
232 1977 322 2045 optus,
334 1973 480 2028 absentem
491 1973 614 2028 rusticus
625 1973 724 2031 urbem

53 2051 142 2107 'Pollis
153 2053 191 2108 ud
202 2058 279 2109 astru
289 2054 367 2109 levis
401 2054 433 2109 Si
443 2070 584 2124 nusquam
596 2070 627 2109 es
638 2053 711 2109 forte
723 2061 840 2114 vocatus

53 2134 99 2188 Ad
110 2151 229 2189 coenum
240 2135 337 2190 laudas
348 2152 478 2190 soourum
490 2134 552 2189 olus
564 2152 603 2203 oo,
614 2134 693 2191 velut
704 2152 823 2209 usquam
924 2146 958 2197 30

53 2214 176 2270 Vinotus
188 2232 244 2284 ess,
255 2216 296 2270 itu
307 2219 337 2270 to
348 2214 458 2269 folioom
470 2213 539 2269 diois
551 2230 683 2285 unusque

53 2295 136 2362 Quod
147 2314 288 2367 nusquam
299 2296 352 2350 tibi
364 2296 403 2350 sit
413 2294 577 2365 potandum.
613 2295 631 2350 J
633 2296 736 2353 usserit
747 2297 782 2354 od
794 2316 824 2358 se

51 2376 201 2432 Muooonas
213 2394 307 2431 sorum
318 2376 372 2431 sub
384 2376 491 2431 luminu
501 2376 594 2445 primu
604 2376 699 2432 venire

53 2456 222 2513 Convivam:
241 2458 369 2511 ‘Nomou
380 2456 473 2511 oleum
485 2456 540 2511 fort
551 2456 645 2511 ooiusi
679 2456 798 2528 Ecquis·

52 2537 173 2593 Auditt'
192 2554 258 2592 oum
270 2554 371 2609 magno
382 2537 503 2592 blutorus
516 2536 635 2591 olumoro
646 2537 781 2609 iugisque.

52 2621 178 2677 Mulvius
190 2625 220 2676 ot
231 2638 343 2676 sourruo
354 2621 408 2675 tibi
419 2637 476 2674 non
488 2619 632 2675 referenda
643 2623 747 2691 proooti

51 2700 218 2758 Disoodunt.
254 2702 368 2757 Etenim
379 2702 469 2756 fateor
480 2716 533 2768 me,
545 2700 647 2757 dixerit
658 2700 712 2769 illo,

50 2782 126 2838 Duoi
136 2786 237 2839 ventre
248 2782 347 2848 lovem,
361 2798 461 2836 nusum
472 2781 569 2835 nidore
579 2781 704 2852 supinor,

50 2863 225 2931 Imbecillus,
236 2864 321 2931 iners,
334 2864 359 2917 si
370 2863 439 2934 quid
450 2863 493 2917 vis
504 2862 576 2918 oddo
588 2864 701 2934 popino.

48 2946 102 3014 Tu,
115 2943 324 3015 mmsisquod
335 2962 386 3015 ego
398 2947 428 2999 et
439 2944 565 2999 fortassis
576 2944 700 3014 nequior,
712 2944 787 3001 ultro
927 2954 962 3003 40

49 3026 197 3082 Insootoro
208 3025 288 3080 velut
299 3024 398 3079 molior
408 3024 557 3094 verbisque
569 3024 675 3080 decoris
741 3026 744 3031 '

48 3106 197 3162 Obvolvus
208 3104 329 3159 vitiumi
364 3104 445 3173 Quiq
457 3105 482 3158 si
493 3121 538 3159 me
550 3104 666 3159 stultior
677 3105 740 3175 ipso

48 3186 224 3257 Quingentis
236 3189 334 3256 empto
346 3184 488 3239 drachmis
500 3183 699 3255 deprenderisi
734 3184 822 3241 Aufer

47 3268 97 3326 Mo
109 3267 199 3323 vultu
210 3270 333 3332 terror03
351 3282 468 3321 monum
480 3266 713 3335 stomachumque
725 3270 828 3335 teneto,

48 3350 131 3405 Dum
143 3365 217 3419 quuo
228 3346 352 3419 Crispini
363 3347 462 3403 doouit
474 3363 520 3403 mo
529 3346 635 3417 janitor
647 3346 705 3401 odo.
