2342 3850
563 317 700 369 lionam
714 318 828 368 mccl

385 446 438 501 Vis
449 445 548 501 consili
559 464 660 520 expers
671 447 744 502 mole
755 449 815 502 ruit
826 465 892 503 sua:

384 527 452 583 Vim
463 528 649 598 temperatam
661 527 690 581 di
704 545 814 598 quoque
826 529 987 600 provehunt

420 608 455 662 In
467 608 573 678 majus3
592 608 668 663 idem
681 609 764 663 odere
776 610 850 664 vires

454 687 545 744 Omne
556 688 635 744 nefas
647 689 740 744 auimo
753 692 906 746 moventes.

382 767 477 823 'Pestis
489 786 616 824 mearum
628 770 804 824 centimanus
817 770 892 841 Gyas

384 849 603 918 Sententiarum,
616 853 703 904 notus
715 854 744 905 et
756 851 879 922 integrae

419 931 555 986 Tentator
566 931 654 986 Orion
665 930 771 986 Dianae

454 1013 587 1084 Virginea
599 1014 723 1069 domitus
735 1015 844 1085 sagitta.

383 1093 490 1164 Injccte
501 1095 732 1150 monstris'l'erra
744 1095 822 1150 dolet
833 1095 892 1150 suis

384 1174 547 1246 Meeretque
559 1179 658 1247 partus
670 1176 788 1230 fulmine
800 1175 925 1229 luridum

419 1255 522 1311 Missos
533 1256 569 1311 ad
580 1257 684 1311 Orcum
696 1277 704 1322 ;
722 1273 773 1310 nec
785 1256 895 1327 peredit

455 1335 625 1407 Impositam
639 1336 711 1392 celer
722 1337 795 1406 ignis
807 1337 926 1404 Aetnen,

383 1416 590 1472 Incontinentis
601 1435 652 1472 nec
664 1418 741 1488 Tityi
751 1417 831 1487 jecur

385 1498 511 1569 Reliquit
521 1499 587 1566 ales,
600 1499 743 1569 nequitiae
755 1499 868 1552 additus

420 1579 537 1647 Custos3
555 1583 709 1634 amatorem
721 1582 861 1634 trecentae

454 1659 613 1714 Pirithoum
625 1660 757 1715 cohibent
770 1664 890 1715 catenae.

678 1962 712 2019 V.

386 2130 483 2185 Ounno
495 2130 651 2185 Tonantem
663 2129 831 2184 credidimus
843 2129 861 2183 J
862 2147 943 2184 ovem

383 2211 522 2281 Regnare:
540 2227 672 2280 praesens
683 2210 767 2264 divus
778 2209 929 2265 habebitur

419 2292 565 2362 Augustus
576 2290 692 2361 adjectis
704 2290 847 2345 Britannis

453 2372 575 2443 Imperio
588 2371 773 2443 gravibusque
785 2370 882 2425 Persis

384 2451 500 2507 Milesne
513 2452 606 2508 Crassi
618 2451 734 2522 conjuge
746 2450 863 2505 barbara
926 2478 930 2489 ·

386 2536 489 2607 'turpis
500 2537 618 2591 maritus
629 2535 702 2589 vixit
713 2538 743 2589 et
754 2534 888 2603 hostium,

421 2617 475 2671 Pro
487 2617 564 2671 curia
575 2615 733 2685 inversique
745 2617 852 2669 mores!

455 2696 608 2751 (lensenuit
619 2713 777 2751 socerorum
788 2695 819 2749 in
831 2694 916 2749 armis

386 2777 446 2834 Sub
457 2795 520 2847 rege
531 2777 615 2831 Medo
626 2776 735 2831 Marsus
748 2780 776 2830 et
789 2776 906 2846 Apulus,

318 2889 322 2895 -
374 2858 559 2912 'Ancilionrm
570 2862 600 2912 ct
611 2857 733 2911 nominis
745 2860 774 2909 et
786 2860 865 2926 togae

419 2937 530 2992 Oblitus
541 2942 723 3008 aeternaeque
735 2936 845 3005 Vestae,

455 3018 594 3073 Incolumi
605 3017 675 3073 Jove
687 3021 717 3073 et
728 3017 797 3071 urbe
809 3017 917 3072 Rome?

385 3098 449 3153 Hoc
460 3103 569 3154 caverat
581 3116 661 3154 mens
673 3097 790 3171 provida
801 3098 900 3168 Reguli

385 3178 585 3234 Dissentientis
597 3179 805 3235 conditionibus

302 3254 305 3259 ’
421 3260 521 3315 Foedis
533 3264 562 3315 et
574 3259 702 3332 exemplo
713 3260 852 3314 trahentis

456 3341 610 3396 Pemiciem
623 3341 737 3395 veniens
748 3340 779 3395 in
791 3356 898 3407 cenum,
