2342 3850
209 301 255 349 220
530 301 667 352 nouum
681 301 793 350 FLACCI

209 428 256 482 Sic
266 428 391 500 positum
402 427 526 484 servabis
537 446 618 498 onus,
630 446 665 483 ne
676 428 749 484 forte
760 428 814 484 sub
825 429 868 484 ule

210 507 386 564 Fasciculum
397 512 492 580 portes
503 509 646 578 librorum,
658 514 691 565 ut
703 511 825 564 nrsticus
836 526 945 582 egnum,

210 588 254 644 Ut
264 591 363 644 vinose
372 589 482 660 glomus
492 589 613 645 firrtivee
625 589 740 662 Pyrrhia
751 591 838 660 leuse,

209 669 253 725 Ut
264 687 329 724 cum
340 670 441 742 pileolo
451 670 540 726 sclees
552 671 668 726 convive
679 672 800 729 tribulis.

208 749 254 804 Ne
264 751 348 821 vulgo
359 768 454 805 narres
465 754 496 805 te
507 751 652 807 sudavisse
663 752 777 807 ferendo

209 831 347 900 Carmine
358 848 430 901 quse
441 832 552 902 possint
564 833 657 887 oculos
669 849 804 902 amesque
816 832 920 888 mereri

209 911 336 967 Oeeseris
348 932 356 978 ς
373 917 470 969 cretus
481 915 573 969 multe
584 932 665 985 prece
677 915 767 969 nitere
778 931 867 985 porro.

208 993 294 1063 Vnde,
305 995 374 1063 vele,
386 1012 452 1050 cere
463 1013 499 1052 ne
510 995 619 1052 titubes
630 994 815 1066 mendeteque
826 995 944 1066 franges

622 1255 701 1312 XIV.

208 1392 329 1448 mecu
340 1394 474 1449 silvarum
485 1394 597 1450 etmihi
608 1411 654 1448 me
666 1394 808 1449 reddentis
819 1393 907 1464 egelli,

210 1474 300 1541 Quem
311 1478 346 1531 tu
356 1475 468 1530 fastidis
478 1474 638 1530 habitatum
652 1475 775 1545 quinque
787 1475 855 1529 focis
867 1477 896 1528 et

209 1555 339 1627 Quinque
349 1555 439 1611 bonos
450 1556 567 1610 solitum
578 1555 692 1612 Veriem
704 1555 846 1610 dimittere
858 1557 962 1624 petres,

208 1635 354 1691 Certemus
365 1637 461 1708 spinas
472 1637 602 1692 animone
614 1654 664 1706 ego
675 1635 776 1691 fortius
788 1654 824 1690 en
835 1639 869 1692 tu

208 1715 318 1771 Evelles
328 1733 401 1787 egro,
411 1721 442 1772 et
452 1717 551 1772 melior
561 1718 601 1771 sit
613 1717 748 1772 Horatius
760 1734 796 1771 en
808 1734 860 1772 res.

208 1796 256 1851 Me
266 1797 395 1867 quemvis
406 1797 516 1852 lemine
528 1798 619 1868 pietes
631 1800 661 1852 et
673 1815 738 1852 cure
749 1801 875 1852 moretur

208 1875 335 1933 Fratrem
347 1879 505 1947 maerentis,
516 1881 598 1950 repto
610 1878 644 1935 de
655 1879 741 1933 fretre
753 1878 874 1935 dolentis

209 1959 405 2029 Insolebiliter,
415 1965 513 2017 temen
524 1962 601 2017 istuc
611 1979 692 2017 mens
703 1962 868 2032 animusque

209 2039 278 2095 Fert
288 2045 319 2097 et
329 2046 406 2097 emet
416 2043 517 2114 spetiis
528 2042 672 2099 obstentie
682 2060 813 2113 rumpere
825 2043 953 2099 cleustre

210 2120 555 2193 Rureegoviventem,tu
566 2123 759 2179 dicisinurbe
771 2124 902 2178 beatum:
1083 2126 1115 2175 10

133 2262 137 2272 ‚
209 2201 264 2256 Oui
275 2202 368 2272 placet
377 2203 492 2258 alterius
503 2221 554 2259 sue
565 2204 701 2258 nimirum
714 2208 757 2258 est
769 2203 833 2257 odio
844 2220 913 2258 sors.

209 2281 322 2337 Stultus
333 2287 452 2354 uterque
463 2285 557 2339 locum
568 2285 743 2339 immeritum
756 2288 886 2339 causetur
896 2284 1010 2355 inique:

210 2362 247 2416 In
258 2362 340 2434 culpe
351 2367 397 2418 est
407 2365 527 2434 enimus,
540 2366 590 2435 qui
602 2382 632 2420 se
643 2382 701 2419 non
713 2365 812 2435 effugit
822 2382 956 2436 unquem.

210 2446 254 2500 Tu
264 2445 447 2501 mediestinus
458 2448 546 2501 tecita
556 2464 639 2518 prece
651 2463 715 2501 rure
726 2446 851 2517 petebes,

210 2524 239 2581 N
239 2542 295 2581 unc
305 2527 404 2582 urbem
415 2529 446 2581 et
456 2527 538 2582 ludos
549 2531 579 2581 et
590 2527 688 2581 belnee
699 2528 808 2583 villicus
819 2530 900 2598 optes
911 2547 919 2596 ;

210 2608 257 2663 Me
269 2611 395 2663 constare
405 2608 477 2662 mihi
488 2608 551 2677 scis,
563 2611 594 2662 et
605 2607 745 2663 discedere
756 2609 869 2663 tristem

211 2688 437 2759 Quandocunque
447 2689 566 2743 trahunt
578 2689 669 2744 invise
680 2691 791 2759 negotia
803 2690 927 2745 Romam

210 2768 238 2824 N
239 2787 276 2824 cn
287 2768 383 2825 eedem
393 2769 546 2836 miremur3
563 2786 596 2823 eo
608 2770 784 2825 disconvenit
793 2771 869 2825 inter

210 2850 313 2922 Meque
323 2853 353 2905 et
362 2854 393 2905 te
404 2868 411 2905 :
429 2866 495 2905 nem
507 2866 578 2919 quse
590 2849 700 2905 deserte
711 2854 741 2905 et
751 2851 893 2922 inhospita
903 2852 982 2905 tesce

211 2930 307 2987 Credis
319 2948 434 2987 amoene
444 2934 526 2987 vocet
536 2948 648 2987 mecum
660 2932 708 3001 qui
719 2933 815 3000 sentit,
827 2936 857 2987 et
867 2931 928 2987 odit

211 3012 333 3078 Queetu
344 3011 459 3083 pulchre
469 3016 561 3083 putus
595 3012 700 3067 Fornix
711 3014 765 3067 tibi
777 3017 807 3067 et
817 3016 903 3069 uncte
913 3013 1020 3085 popius
1154 3014 1155 3059 l

211 3092 360 3148 Incutiunt
370 3093 449 3149 urbis
461 3092 636 3162 desiderium,
649 3094 736 3161 video,
748 3096 778 3147 et
789 3094 866 3164 quod
1154 3064 1155 3116 l

210 3171 337 3241 Angelus
348 3173 402 3227 iste
412 3173 485 3229 feret
495 3174 577 3244 piper
588 3177 618 3228 et
629 3174 697 3229 thus
709 3174 787 3229 ocius
799 3192 864 3243 uve,

210 3250 271 3305 Nec
281 3252 373 3306 vicine
383 3254 482 3308 subest
493 3255 591 3309 vinum
603 3253 736 3324 praebere
747 3253 865 3311 taberne

212 3328 289 3395 Quee
299 3332 390 3400 possit
400 3332 464 3402 tibi,
475 3351 528 3390 nec
539 3334 674 3391 meretrix
684 3336 809 3405 tibicine,
822 3336 903 3407 cujus
