2342 3850
353 287 480 338 EPODON
493 289 598 350 nmen,
612 291 649 344 1⁷.

26 398 30 477 Ι
119 415 211 470 Movit
221 417 355 487 nepotem
366 416 507 489 Telephus
517 416 660 488 Nomium,

119 497 156 550 In
167 514 253 566 quem
264 497 403 568 superbus
414 498 558 554 ordinaret
569 500 681 570 agmine

118 578 266 648 Mysomm
277 582 306 631 et
317 578 349 632 in
360 595 445 648 quem
455 578 513 634 tels
523 583 606 634 eoute
616 581 744 634 torserat

119 658 236 713 Unxere
248 662 353 713 metros
366 658 434 714 Iliso
445 659 591 714 addietum
602 660 669 714 feris

119 739 248 793 Alitibus
258 742 343 810 etque
355 739 472 794 eenibus
483 739 652 794 homicidam
663 740 823 810 Hectorem,

118 819 275 890 Postquam
285 820 392 874 relictis
402 821 550 875 moenibus
560 838 610 875 rex
621 820 742 891 procidit

118 899 185 954 Heu
195 901 351 970 pervieeeie
362 899 398 956 sd
409 901 497 971 pedes
508 901 636 958 Achillei.

118 980 219 1035 Setose
230 980 308 1035 duris
319 997 420 1036 exuere
431 981 553 1051 pellibus

119 1061 265 1116 Laboriosi
276 1062 396 1133 remiges
407 1061 504 1117 Ulixei

119 1142 241 1198 Volente
252 1143 333 1198 Ciroe
345 1142 487 1209 membre;
503 1144 574 1197 tuno
584 1159 665 1198 mens
677 1145 707 1198 et
718 1160 805 1202 sonus

118 1221 257 1293 Relapsus
268 1227 354 1293 etque
364 1226 450 1278 notus
461 1222 492 1276 in
503 1223 600 1277 vultus
612 1223 709 1280 honor.

117 1302 192 1358 Dedi
203 1304 275 1358 setis
285 1321 425 1375 superque
436 1320 588 1375 poenarum
599 1303 662 1372 tibi,

116 1383 222 1438 Amata
232 1385 328 1439 nentis
339 1385 462 1439 multum
474 1387 503 1438 et
513 1383 700 1442 institoribus.

118 1464 204 1535 Fugit
210 1465 345 1536 juventae
356 1465 387 1519 et
397 1464 570 1520 verecundus
582 1465 658 1520 eolor

118 1545 245 1616 Reliquit
255 1563 320 1600 osse
330 1545 403 1616 pelle
413 1546 517 1600 emiote
527 1544 634 1612 luride3

118 1625 188 1680 'Pnis
199 1625 317 1696 oepillus
327 1625 409 1680 elbus
420 1628 465 1681 est
476 1625 624 1692 odoribus;

118 1705 239 1761 Nullum
251 1706 287 1761 eb
298 1706 392 1760 isbore
403 1723 450 1762 me
459 1706 578 1761 reolinet
589 1706 696 1773 otium;

119 1786 210 1858 Urget
221 1786 298 1842 diem
308 1804 366 1841 nox
377 1789 407 1840 et
418 1786 479 1842 dies
489 1790 611 1857 noctem,
623 1804 714 1858 neque
726 1790 770 1842 est

119 1867 223 1923 Lesere
234 1870 316 1923 tonte
326 1867 430 1939 spiritu
440 1867 607 1939 prseoordie

118 1949 191 2020 Ergo
201 1953 337 2020 uegetum
347 1949 445 2004 vinoor
455 1952 489 2003 ut
500 1948 612 2005 eredsm
622 1949 708 2005 miser

119 2030 229 2085 Sebelle
238 2033 340 2101 pectus
351 2030 493 2100 inerepare
505 2029 629 2085 carmine

119 2110 269 2183 Oeputque
279 2110 372 2166 Mares
383 2110 503 2166 dissilire
513 2111 605 2165 nonis„

119 2192 196 2260 Quid
207 2192 329 2263 emplius
340 2190 400 2247 risi
434 2191 459 2246 0
471 2209 557 2261 mere,
568 2209 586 2245 o
598 2194 682 2260 terre,
694 2190 785 2262 erdeo,

118 2272 266 2340 antum
277 2289 368 2342 neque
372 2275 441 2326 etro
453 2272 598 2327 delibutus
610 2271 748 2327 Hercules

117 2352 204 2408 Nessi
215 2370 323 2421 oreore,
335 2369 387 2408 neo
398 2353 498 2408 Sieene
510 2351 618 2407 fervide

118 2433 223 2489 Virens
234 2434 265 2489 in
277 2433 371 2489 Aetne
381 2432 510 2499 flemme;
527 2436 562 2487 tu
573 2433 662 2489 donee
673 2432 745 2489 einis

118 2513 271 2585 Injuriosis
282 2513 378 2568 eridus
389 2514 483 2568 ventis
493 2512 567 2567 feror

117 2594 201 2650 Celes
211 2594 329 2649 venenis
340 2593 449 2648 officine
461 2592 605 2648 Oolohiois.

116 2675 198 2742 Quee
208 2674 338 2729 finisset
350 2674 426 2744 quod
436 2691 482 2727 me
494 2677 591 2728 menet
602 2672 795 2745 stipendiumi

115 2754 230 2822 Effare
243 2754 340 2827 jusses
351 2770 417 2809 oum
428 2753 484 2809 fide
494 2771 599 2825 poenes
610 2754 695 2825 luem,

115 2836 238 2891 Paratus
249 2834 370 2905 expiere,
381 2850 432 2889 seu
443 2835 605 2907 poposceris

115 2916 244 2971 Oentum
252 2914 398 2986 juvencos,
410 2915 468 2970 sive
480 2915 608 2971 mendaci
619 2914 680 2987 lyra

114 2997 207 3054 Voles
218 2996 325 3051 sonari:
343 2995 387 3051 Tu
398 2996 508 3067 pudiea,
520 3001 554 3053 tu
564 2997 653 3068 probe

114 3077 332 3133 Perembulnbis
342 3080 419 3134 estre
429 3077 508 3133 sidus
519 3095 644 3132 eureum.

115 3157 241 3213 Infemis
251 3158 375 3213 Helenes
388 3157 489 3213 Oestor
500 3158 624 3213 offensus
636 3158 726 3213 vicem

113 3238 275 3309 Freterque
286 3239 381 3309 magni
393 3232 518 3293 Oestoris
530 3239 600 3294 vieti
611 3254 693 3309 preoe

113 3319 266 3392 Adempts
275 3320 336 3375 veti
346 3314 491 3375 reddidere
502 3320 617 3375 lumine.
