2342 3850
334 286 557 336 uulsiuluuuu
571 287 591 336 L
607 291 629 337 6.

36 413 70 466 Et
81 412 230 467 dominum
242 413 344 468 fallunt
354 417 385 467 et
397 417 517 484 prosunt
528 414 645 469 furibus„
680 413 760 484 Ergo,

36 494 119 548 Sires
130 495 191 548 solu
202 497 298 565 potest
309 494 399 550 faeere
410 498 440 549 et
451 511 561 549 servare
571 495 696 562 beatum,

35 575 93 630 Hoc
103 576 216 647 primus
227 579 337 646 repetes
348 594 428 647 opus,
439 577 493 630 hoe
503 580 663 647 postremus
675 576 797 630 omittes.

34 2117 63 2171 Si
74 2118 252 2172 fortunatum
264 2119 371 2189 speeies
382 2123 412 2173 et
423 2121 512 2189 gratie
522 2123 657 2191 praestet,

33 2200 190 2253 Meroemur
200 2216 314 2253 servum
325 2201 374 2269 qui
383 2200 472 2255 dictet
482 2202 605 2269 nomine,
616 2202 726 2255 laevum
902 2203 936 2251 50

34 2280 89 2345 Qui
102 2280 205 2334 fodieet
217 2281 292 2335 latus
304 2284 334 2335 et
345 2284 426 2351 coget
435 2286 515 2337 truns
526 2282 649 2353 pondera
660 2282 787 2337 dextram

33 2360 183 2431 Pon-igere
205 2375 208 2382 ’
221 2364 238 2392 “
245 2361 301 2415 Hic
312 2362 435 2416 multum
446 2364 477 2417 in
489 2362 575 2417 Fabiu
586 2363 670 2431 velet,
682 2362 730 2417 ille
742 2362 859 2425 Veline3

33 2442 86 2496 Oui
97 2442 170 2496 libet
180 2442 227 2496 hie
238 2442 328 2496 fauces
340 2441 419 2496 dubit
430 2444 584 2513 eripietque
598 2444 692 2497 omuile

33 2522 85 2577 Oui
97 2522 177 2577 volet
187 2524 368 2594 importunus
380 2524 470 2578 ebur.”
508 2523 615 2593 Frater,
627 2524 717 2592 Peter,
729 2522 798 2577 udde
810 2544 816 2589 ;

32 2602 74 2657 Ut
85 2604 191 2674 cuique
202 2608 247 2657 est
258 2606 335 2657 aetus
346 2604 387 2658 itu
398 2621 538 2674 quemque
548 2604 656 2659 fueetus
667 2604 776 2675 adopta.

32 2685 61 2737 Si
72 2686 148 2738 bene
160 2684 211 2754 qui
221 2688 320 2738 eoenat
331 2685 402 2739 bene
413 2685 494 2753 vivit,
505 2685 589 2753 lueet,
601 2702 697 2739 eamus
730 2742 734 2753 ,

32 2767 96 2831 Quo
109 2765 190 2819 ducit
200 2764 282 2834 gula3
299 2764 447 2835 piseemur,
459 2783 602 2835 venemur,
614 2768 648 2819 ut
659 2766 725 2819 olim
774 2828 779 2839 ⁵

32 2846 183 2917 Gargilius,
196 2846 245 2915 qui
257 2862 339 2899 mane
349 2846 452 2917 plagas,
464 2846 609 2917 venabula,
621 2864 716 2901 servos

30 2926 188 2990 Diffeitum
198 2926 322 2979 transire
333 2926 425 2980 forum
435 2928 627 2997 populumque
635 2926 761 2997 jubebat,

29 3008 118 3062 Unus
127 3006 302 3061 utemultis
313 3008 417 3077 populo
428 3011 574 3078 spectante
585 3008 701 3062 referret
904 3006 937 3052 0⁰

28 3089 174 3159 Emptum
183 3086 279 3141 mulus
290 3104 397 3157 aprum.
432 3087 519 3141 Orudi
531 3087 690 3157 tumidique
702 3086 834 3149 levemur,

28 3170 109 3238 Quid
120 3169 229 3237 deceat,
242 3168 311 3238 quid
322 3186 387 3237 nou,
398 3169 488 3237 obliti,
501 3169 610 3223 Caerite
622 3186 684 3223 cera

28 3252 126 3323 Digni,
136 3250 288 3319 remigium
299 3251 435 3304 vitiosum
447 3250 604 3306 Ithacensis
616 3249 720 3317 Ulixei,

29 3333 84 3387 Cui
97 3332 195 3403 potior
205 3330 298 3402 putuit
308 3331 364 3386 fuit
375 3331 525 3385 interdieta
537 3332 675 3402 voluptas.
