2342 3850
560 317 695 367 flounrn
708 318 821 368 ruach

407 447 425 503 J
426 464 472 502 am
483 446 574 517 fulgor
585 464 726 501 armorum
738 446 849 516 fugaces

441 529 540 584 Terret
552 545 639 599 equos
651 529 835 599 equitumque
846 527 958 583 vultus:

371 610 478 664 Audire
490 626 606 680 magnos
613 609 673 680 jam
685 609 782 664 videor
794 608 879 663 duces

371 691 437 746 Non
448 690 578 746 indecoro
590 690 705 761 pulvere
716 689 852 758 sordidos,

407 772 444 827 lit
455 773 555 826 cunta
565 773 705 825 terrarum
716 770 834 826 subacta

442 852 553 907 Praeter
564 854 688 906 atrocem
699 852 825 906 animum
836 849 960 905 Catonis.

370 934 452 1001 June,
464 935 494 987 et
506 930 623 986 deorum
634 931 763 1002 quisquis
773 930 892 986 amicior

369 1015 446 1070 Afris
458 1011 548 1068 inulte
559 1015 681 1067 cesserat
692 1013 836 1082 impotens

404 1093 522 1162 Tellure,
533 1092 673 1148 victorum
684 1095 802 1163 nepotes

439 1173 563 1228 Rettulit
574 1173 686 1227 inierim
698 1171 861 1243 Jugurthae

370 1255 439 1322 Quis
451 1271 507 1308 non
519 1253 619 1308 latino
631 1253 765 1324 sanguine
776 1252 907 1324 pinguior

370 1334 492 1405 Campus
504 1333 639 1405 sepulcris
651 1334 739 1403 impia
750 1333 855 1404 proelia

385 1435 393 1454 ·
403 1415 536 1470 Testatur
548 1414 731 1484 auditumque
742 1413 834 1468 Medis

437 1493 590 1566 Hesperiae
600 1494 725 1548 sonitum
737 1493 854 1548 minaei

367 1574 423 1641 Qui
434 1591 534 1646 gurges
545 1578 596 1628 aut
607 1591 678 1645 quae
689 1574 807 1628 flumina
817 1571 946 1644 lugubris

367 1655 468 1726 lgnnra
479 1653 565 1710 bellil
584 1654 659 1724 quod
670 1671 745 1709 mare
757 1654 883 1708 Dauniae

401 1735 467 1790 Non
478 1733 670 1790 decoloravere
683 1733 802 1789 ceedesl

433 1815 509 1883 Quae
521 1819 599 1869 caret
610 1832 659 1870 ora
671 1831 767 1869 cruore
778 1813 897 1868 nostrol

365 1894 421 1951 Sed
432 1912 468 1951 ne
479 1894 592 1963 relictis,
603 1895 685 1950 Musa
695 1911 804 1967 procax,
811 1893 884 1966 jocis

366 1976 436 2033 (leae
448 1979 584 2031 retractes
593 1993 710 2031 munera
721 1976 835 2030 neniae:

399 2057 511 2112 Mecum
523 2058 647 2111 Dionaeo
659 2057 712 2112 sub
724 2060 807 2110 antro

434 2137 544 2205 Quaere
556 2138 655 2193 modos
666 2136 771 2192 leviore
780 2135 893 2208 plectro.

658 2522 698 2577 IL

362 2699 480 2754 Nunuue
492 2703 608 2770 argento
620 2698 697 2753 color
708 2701 752 2753 est
764 2697 856 2753 avaris

360 2780 468 2834 Abdito
479 2780 570 2847 terris,
582 2779 696 2834 inimice
707 2778 815 2833 lamnas

363 2860 461 2930 Crispe
474 2858 596 2927 Sallusti,
607 2859 664 2914 nisi
675 2862 833 2931 temperato

396 2938 547 3011 Splendeat
557 2957 621 2994 usn.

360 3018 446 3075 Vivet
458 3023 573 3075 extento
585 3020 744 3075 Proculeius
755 3037 823 3075 aevo

358 3098 452 3154 Notus
463 3099 494 3153 in
506 3099 607 3155 fratres
618 3101 706 3155 animi
717 3102 830 3172 paterni
840 3122 848 3168 3

360 3180 445 3235 Illum
456 3183 520 3251 eget
532 3198 623 3251 penna
634 3185 780 3237 metuente
791 3182 864 3237 solvi

396 3260 481 3316 Fama
493 3265 644 3333 superstes.

359 3339 456 3395 laetius
468 3359 565 3412 regnes
577 3342 692 3397 avidum
705 3341 846 3398 domando
